<!DOCTYPE html>
<html lang="nb">
<head>
    <meta charset="utf-8">
    
    <meta name="viewport" content="width=device-width, initial-scale=1.0">
    <meta name="application-name" content="Kolonial.no">
    <meta name="apple-mobile-web-app-title" content="Kolonial.no">
    <meta name="apple-itunes-app" content="app-id=1079537578">
    <meta name="description" content="Kjøp brød og frokostblandinger og alt annet til ukeshandelen billig i din matbutikk på nett! Få matvarene ferdig pakket, levert til døren.">
    <meta property="og:site_name" content="Kolonial.no">
    <meta property="fb:app_id" content="685944994762962">
    
    <meta property="og:title" content="Kjøp brød og frokostblandinger på Kolonial.no">
    <meta property="og:description" content="Kjøp brød og frokostblandinger og alt annet til ukeshandelen billig i din matbutikk på nett! Få matvarene ferdig pakket, levert til døren.">



    <title>Kjøp brød og frokostblandinger billig på nett - Kolonial.no</title>

    

    
    <link rel="stylesheet" href="/static/cache/css/output.7b6a48878751.css" type="text/css">

    
    
    

    <!--[if lte IE 9]>
    <link rel="stylesheet" href="/static/cache/css/output.d562478f9fc0.css" type="text/css">
    <![endif]-->


    

    
    
    <script src="/static/cache/js/output.63fcea2b1fa0.js"></script>


    
    <link rel="icon" type="image/png" href="/static/img/favicon.6a967b912022.png">
    <link rel="icon" type="image/x-icon" href="/static/img/favicon.574261214658.ico">
    <link rel="apple-touch-icon" href="/static/img/apple-touch-icon-57x57-precomposed.20e9e14c0bb7.png">
    <link rel="apple-touch-icon" sizes="76x76" href="/static/img/apple-touch-icon-76x76-precomposed.5669438f3b46.png">
    <link rel="apple-touch-icon" sizes="114x114" href="/static/img/apple-touch-icon-120x120-precomposed.462bd50b937b.png">
    <link rel="apple-touch-icon" sizes="144x144" href="/static/img/apple-touch-icon-144x144-precomposed.d414a43303b4.png">
    <link rel="apple-touch-icon-precomposed" href="/static/img/apple-touch-icon-152x152-precomposed.192370667505.png">
    <link rel="manifest" href="/manifest.json">
    <link rel="mask-icon" href="/static/img/mask-icon.9cdef4a3b7d1.svg" color="#FFA51E">
    <meta name="msapplication-TileImage" content="/static/img/win8-tile-144.950b44ea73cf.png">
    <meta name="msapplication-TileColor" content="#ffa514">
    <meta name="theme-color" content="#ffa514">


    

        
        <script>
            window.dataLayer = window.dataLayer || [];
        </script>

        

            
            
                <script src="https://config.metomic.io/config.js?id=prj:b8506cbc-3b3c-4aa7-8f8a-26ad8d1952e2" crossorigin charset="utf-8"></script>
                <script src="https://consent-manager.metomic.io/embed.js" crossorigin charset="utf-8"></script>
            

            
            

            
            <script>
                window.dataLayer.push({
                    'userLoggedIn': false,
                    'enableRetargeting': true,
                    
                });

                
                

                
                

    if (window.dataLayer) {
        window.dataLayer.push({
            'pageType': 'Product Category Parent',
            'contentCategory': 'Products',
        });
    }


            </script>

            
            <script>(function(w,d,s,l,i){w[l]=w[l]||[];w[l].push({'gtm.start':
            new Date().getTime(),event:'gtm.js'});var f=d.getElementsByTagName(s)[0],
            j=d.createElement(s),dl=l!='dataLayer'?'&l='+l:'';j.async=true;j.src=
            'https://www.googletagmanager.com/gtm.js?id='+i+dl+'&gtm_auth=38HfzeUfahWoFUKRl5vZjA&gtm_preview=env-2&gtm_cookies_win=x';f.parentNode.insertBefore(j,f);
            })(window,document,'script','dataLayer','GTM-N2Z6BGT');</script>
            

        

    

</head>
<body class=" cart-closed">


    

        
        <noscript><iframe src="https://www.googletagmanager.com/ns.html?id=GTM-N2Z6BGT&gtm_auth=38HfzeUfahWoFUKRl5vZjA&gtm_preview=env-2&gtm_cookies_win=x"
        height="0" width="0" style="display:none;visibility:hidden"></iframe></noscript>

    




    <a href="#content" class="sr-only sr-only-focusable">Hopp til hovedinnholdet</a>

    
    

    
    
    <div class="hidden" data-csrf-token="XaSyCzCE8K8i6et7wMQOzgclIEAr0fmPdzBXesMVlO7ne3gWAAIp61o6Oq2vQUSN"></div>

    <div class="body-wrapper">

        
        <!--[if lte IE 10]>

            <div class="wide-container front-page-messages browser-deprecation-message">
                <div class="alert alert-warning">
                    <div class="content-container">
                        <p>
                            Nettleseren din er utdatert. Dette gjør at opplevelsen din på Kolonial.no blir unødvendig dårlig.
                            Vi anbefaler på det sterkeste at du laster ned en nyere versjon av Internet Explorer, eller en
                            annen, moderne nettleser som <a href="https://www.mozilla.org/nb-NO/firefox/new/" rel="nofollow noopener noreferrer" target="_blank">Firefox</a>.
                        </p>
                    </div>
                </div>
            </div>

        <![endif]-->

        
            <div class="wide-container navbar-wrapper" style="border-bottom: 1px solid #e9e9e9">

                <nav class="navbar navbar-default top-menu">

                    <div class="navbar-header">
                        
                            <button type="button" class="navbar-toggle" data-toggle="collapse" data-target="#navbar-collapse-main">
                                <span class="sr-only">Vis/skjul meny</span>
                                <span class="icon-bar"></span>
                                <span class="icon-bar"></span>
                                <span class="icon-bar"></span>
                            </button>
                            <span class="navbar-collapsed-buttons">
                                <a href="/handlekurv/" class="btn navbar-btn" accesskey="4" title="Handlekurv">
									<svg width="48" height="48" viewBox="0 0 48 48" class="icon icon-cart" xmlns="http://www.w3.org/2000/svg">
	<g>
		<path class="left wheel" d="M21 44C23.2091 44 25 42.2091 25 40C25 37.7909 23.2091 36 21 36C18.7909 36 17 37.7909 17 40C17 42.2091 18.7909 44 21 44Z" stroke-linecap="round" stroke-linejoin="round"/>
		<path class="right wheel" d="M34 44C36.2091 44 38 42.2091 38 40C38 37.7909 36.2091 36 34 36C31.7909 36 30 37.7909 30 40C30 42.2091 31.7909 44 34 44Z" stroke-linecap="round" stroke-linejoin="round"/>
		<path class="cart" d="M10 10H44L39.4415 28.1083C39.3049 28.6488 38.9903 29.1285 38.5477 29.4712C38.1051 29.8139 37.5599 30 36.9985 30H17.0015C16.4401 30 15.8949 29.8139 15.4523 29.4712C15.0097 29.1285 14.6951 28.6488 14.5585 28.1083L10 10Z" stroke-linecap="round" stroke-linejoin="round"/>
		<path class="handle" d="M4 5H6.928C7.46292 4.99997 7.98252 5.17257 8.4043 5.49039C8.82607 5.80822 9.12584 6.25305 9.256 6.75425L10 10" stroke-linecap="round" stroke-linejoin="round"/>
		<path class="semi-circle" d="M16 30H14.8C13.527 30 12.3061 30.5268 11.4059 31.4645C10.5057 32.4021 10 33.6739 10 35C10 36.3261 10.5057 37.5978 11.4059 38.5355C12.3061 39.4732 13.527 40 14.8 40H16" stroke-linecap="round" stroke-linejoin="round"/>
		<path class="line" d="M25 40L30 40" stroke-linecap="round" stroke-linejoin="round"/>
	</g>
</svg>

                                    <span class="cart-count">
                                        
                                            
                                                <span class="sr-only">Ingen varer i handlekurven</span>
                                            
                                        
                                    </span>
                                </a>
                            </span>
                        
                        <a title="Kolonial.no" class="navbar-brand" href="/" accesskey="1">
                            <svg xmlns="http://www.w3.org/2000/svg" viewBox="5.1 246.7 831.1 103.4" class="kolonialno-logo" aria-label="Kolonial.no">
    <title>Kolonial.no</title>
    <path d="M89.7 348.2H19.4c-7.9 0-14.3-6.4-14.3-14.3s6.4-14.3 14.3-14.3h70.2c7.9 0 14.3 6.4 14.3 14.3S97.6 348.2 89.7 348.2z" class="baseline"/>
    <path d="M54.7 310.1l-43.7-34.4c-6.2-4.9-7.3-13.9-2.4-20.1 4.9-6.2 13.9-7.3 20.1-2.4l25.9 20.4 25.8-20.4c6.2-4.9 15.2-3.9 20.2 2.4 4.9 6.2 3.9 15.2-2.3 20.2L54.7 310.1z" class="arrow"/>
    <path d="M514 269.8c-6.3 0-11.4-5.1-11.4-11.4 0-6.4 5.1-11.6 11.5-11.6 6.4 0 11.6 5.2 11.6 11.6C525.6 264.6 520.4 269.8 514 269.8z" class="font"/>
    <path d="M671.1 350.2c-6.3 0-11.4-5.1-11.4-11.4 0-6.4 5.1-11.6 11.5-11.6 6.4 0 11.6 5.2 11.6 11.6C682.7 345 677.5 350.2 671.1 350.2z" class="font"/>
    <path d="M382.7 349.8c-19.7 0-34.6-14.9-34.6-34.6 0-19.7 14.9-34.6 34.6-34.6 19.9 0 34.9 14.9 34.9 34.6C417.6 334.9 402.6 349.8 382.7 349.8zM382.7 296.4c-9.8 0-17.2 8.1-17.2 18.8s7.4 18.8 17.2 18.8c10.1 0 17.5-7.9 17.5-18.8C400.2 304.3 392.8 296.4 382.7 296.4z" class="font"/>
    <path d="M472.4 348.2v-34.1c0-12-4.1-17.9-12.4-17.9 -8.7 0-13.9 6.7-13.9 17.9v34.1h-17.4v-65.9h17.4v6.1c4.4-5 11.3-7.7 19.4-7.7 9.2 0 16.1 3.2 20.1 9.1 3.1 4.8 4.3 10.1 4.3 19.5v39H472.4z" class="font"/>
    <rect x="505.4" y="282.2" width="17.4" height="66" class="font"/>
    <path d="M739 348.2v-34.1c0-12-4.1-17.9-12.4-17.9 -8.7 0-13.9 6.7-13.9 17.9v34.1H695.2v-65.9h17.4v6.1c4.4-5 11.3-7.7 19.4-7.7 9.2 0 16.1 3.2 20.1 9.1 3.1 4.8 4.3 10.1 4.3 19.5v39H739z" class="font"/>
    <path d="M801.3 349.8c-19.7 0-34.6-14.9-34.6-34.6 0-19.7 14.9-34.6 34.6-34.6 19.9 0 34.9 14.9 34.9 34.6C836.2 334.9 821.2 349.8 801.3 349.8zM801.3 296.4c-9.8 0-17.2 8.1-17.2 18.8s7.4 18.8 17.2 18.8c10.1 0 17.5-7.9 17.5-18.8C818.8 304.3 811.4 296.4 801.3 296.4z" class="font"/>
    <path d="M268.4 349.8c-19.7 0-34.6-14.9-34.6-34.6 0-19.7 14.9-34.6 34.6-34.6 19.9 0 34.9 14.9 34.9 34.6C303.3 334.9 288.3 349.8 268.4 349.8zM268.4 296.4c-9.8 0-17.2 8.1-17.2 18.8s7.4 18.8 17.2 18.8c10.1 0 17.5-7.9 17.5-18.8C285.9 304.3 278.6 296.4 268.4 296.4z" class="font"/>
    <path d="M332.7 348.8c-12.3 0-18.8-6.2-18.8-17.8v-80.6h17.4v79c0 2.4 1.1 3.4 3.8 3.4h4.8v16H332.7z" class="font"/>
    <path d="M639.8 348.8c-12.3 0-18.8-6.2-18.8-17.8v-80.6h17.4v79c0 2.4 1.1 3.4 3.8 3.4H647v16H639.8z" class="font"/>
    <path d="M590 282.2v7.3c-5.4-5.6-12.7-8.9-20.7-8.9 -19.2 0-33.8 14.9-33.8 34.6 0 19.7 14.5 34.6 33.8 34.6 8.1 0 15.4-3.3 20.7-8.8v7.1h15.4v-65.9H590zM570.2 334c-9.8 0-17.2-8.1-17.2-18.8 0-10.7 7.4-18.8 17.2-18.8 10.1 0 17.5 7.9 17.5 18.8C587.6 326.1 580.3 334 570.2 334z" class="font"/>
    <polygon points="212 348.2 173.8 299.4 212 250.4 235 250.4 196.8 299.3 235 348.2 " class="font"/>
    <rect x="155.6" y="250.4" width="18.2" height="97.8" class="font"/>
</svg>

                        </a>
                    </div>

                    
                        <form action="/sok/" class="navbar-form navbar-left" role="search">
                            <div class="form-group">
                                <label for="navbar-search-field" class="sr-only">Søk i varer og kategorier</label>
                                <input type="text" name="q" class="form-control" id="navbar-search-field" placeholder="Søk i 6500 varer!"
                                autocomplete="off" autocorrect="off" autocapitalize="off" spellcheck="false"
                                value="">
                            </div>
                            <button type="submit" class="btn-search">
                                <span class="sr-only">Søk</span>
                                <span class="glyphicon glyphicon-search" title="Søk"></span>
                            </button>
                        </form>
                    

                    <div class="collapse navbar-collapse" id="navbar-collapse-main">

                        
                            <ul class="nav navbar-nav navbar-right">

                                

                                <li class="menu-item-products">
                                    <a class="nav-link" href="/produkter/" accesskey="2" title="Varer">
										<svg width="48" height="48" viewBox="0 0 48 48" class="icon icon-products" xmlns="http://www.w3.org/2000/svg">
	<g class="products">
		<g class="cup">
			<path class="main cup" d="M6 22V39.3684C6 40.5968 6.50571 41.7749 7.40589 42.6434C8.30606 43.512 9.52696 44 10.8 44H24C25.273 44 26.4939 43.512 27.3941 42.6434C28.2943 41.7749 28.8 40.5968 28.8 39.3684V22H6Z" stroke-linecap="round" stroke-linejoin="round"/>
			<path class="horizontal line" d="M6 34H28.8" stroke-linecap="round" stroke-linejoin="round"/>
			<path class="glance" d="M11 28V39" stroke-linecap="round" stroke-linejoin="round"/>
		</g>
		<g class="bottle">
			<path class="right side" d="M20 44H37.2432C38.5048 44 39.7147 43.5059 40.6068 42.6264C41.4988 41.7469 42 40.5541 42 39.3103V28.1802C41.9995 25.8269 41.5892 23.4911 40.787 21.2747L36.7081 10" stroke-linecap="round" stroke-linejoin="round"/>
			<path class="bottle top" d="M37.012 4H23.988C22.3378 4 21 5.34315 21 7C21 8.65685 22.3378 10 23.988 10H37.012C38.6622 10 40 8.65685 40 7C40 5.34315 38.6622 4 37.012 4Z" stroke-linecap="round" stroke-linejoin="round"/>
			<path class="left side" d="M19 22L24 10" stroke-linecap="round" stroke-linejoin="round"/>
		</g>
	</g>
</svg>

										<span class="nav-link-text">Varer</span>
									</a>
                                </li>

                                
                                    <li class="menu-item-recipes">
                                        <a class="nav-link" href="/oppskrifter/" accesskey="3" title="Oppskrifter">
											<svg width="48" height="48" viewBox="0 0 48 48" xmlns="http://www.w3.org/2000/svg" class="icon icon-fork-knife">
	<g class="fork-knife">
		<g class="knife">
			<path class="knife-handle" d="M32.0548 25L30.0303 38.0367C29.9649 38.531 30.0057 39.0336 30.15 39.5109C30.2944 39.9883 30.539 40.4292 30.8675 40.8044C31.196 41.1796 31.6008 41.4803 32.0548 41.6865C32.5088 41.8927 33.0017 41.9996 33.5003 42C33.999 41.9996 34.4918 41.8927 34.9459 41.6865C35.3999 41.4803 35.8047 41.1796 36.1332 40.8044C36.4617 40.4292 36.7063 39.9883 36.8506 39.5109C36.995 39.0336 37.0358 38.531 36.9703 38.0367L35.5 25" stroke-linecap="round" stroke-linejoin="round"/>
			<path class="knife-blade" d="M36 25H30.8233C30.0745 25 29.3564 24.7025 28.8269 24.1731C28.2975 23.6436 28 22.9255 28 22.1767V12C28 10.4087 28.6321 8.88258 29.7574 7.75736C30.8826 6.63214 32.4087 6 34 6H36V25Z" stroke-linecap="round" stroke-linejoin="round"/>
		</g>
		<g class="fork">
			<g class="fork-handle">
				<path d="M13.5136 26L12.023 38.0367C11.9629 38.5357 12.0208 39.0405 12.193 39.5183C12.3651 39.996 12.6477 40.4361 13.0223 40.8098C13.3969 41.1836 13.8552 41.4827 14.3674 41.6877C14.8796 41.8928 15.4343 41.9992 15.9955 42V42C16.5586 42.0003 17.1156 41.8943 17.6298 41.6888C18.144 41.4834 18.604 41.1832 18.9797 40.8079C19.3553 40.4325 19.6382 39.9905 19.8098 39.5107C19.9813 39.0308 20.0378 38.524 19.9754 38.0233L18.4773 26C18.4129 25.4513 18.1236 24.9433 17.6654 24.5741C17.2071 24.2048 16.6123 24.0003 15.9955 24C15.3787 24.0003 14.7838 24.2048 14.3255 24.5741C13.8673 24.9433 13.5781 25.4513 13.5136 26Z" stroke-linecap="round" stroke-linejoin="round"/>
				<path d="M16 17V23" stroke-linecap="round" stroke-linejoin="round"/>
			</g>
			<g class="fork-teeth">
				<path d="M16 6V11" stroke-linecap="round" stroke-linejoin="round"/>
				<path d="M21 6V11C21 11.6566 20.8707 12.3068 20.6194 12.9134C20.3681 13.52 19.9998 14.0712 19.5355 14.5355C19.0712 14.9998 18.52 15.3681 17.9134 15.6194C17.3068 15.8707 16.6566 16 16 16C14.6739 16 13.4021 15.4732 12.4645 14.5355C11.5268 13.5978 11 12.3261 11 11V6" stroke-linecap="round" stroke-linejoin="round"/>
			</g>
		</g>
	</g>
</svg>

                                            <span class="nav-link-text">Oppskrifter</span>
                                        </a>
                                    </li>
                                

                                
                                    <li class="menu-item-signup" title="Lag konto">
                                        <a href="/bruker/registrer/" class="btn btn-xs btn-brand">Lag konto</a>
                                    </li>
                                    <li class="menu-item-login" title="Logg inn">
                                        <a href="/bruker/logg-inn/">Logg inn</a>
                                    </li>
                                

                                <li class="menu-item-cart">
                                    <a href="/handlekurv/" title="Gå til handlekurv">
										<svg width="48" height="48" viewBox="0 0 48 48" class="icon icon-cart" xmlns="http://www.w3.org/2000/svg">
	<g>
		<path class="left wheel" d="M21 44C23.2091 44 25 42.2091 25 40C25 37.7909 23.2091 36 21 36C18.7909 36 17 37.7909 17 40C17 42.2091 18.7909 44 21 44Z" stroke-linecap="round" stroke-linejoin="round"/>
		<path class="right wheel" d="M34 44C36.2091 44 38 42.2091 38 40C38 37.7909 36.2091 36 34 36C31.7909 36 30 37.7909 30 40C30 42.2091 31.7909 44 34 44Z" stroke-linecap="round" stroke-linejoin="round"/>
		<path class="cart" d="M10 10H44L39.4415 28.1083C39.3049 28.6488 38.9903 29.1285 38.5477 29.4712C38.1051 29.8139 37.5599 30 36.9985 30H17.0015C16.4401 30 15.8949 29.8139 15.4523 29.4712C15.0097 29.1285 14.6951 28.6488 14.5585 28.1083L10 10Z" stroke-linecap="round" stroke-linejoin="round"/>
		<path class="handle" d="M4 5H6.928C7.46292 4.99997 7.98252 5.17257 8.4043 5.49039C8.82607 5.80822 9.12584 6.25305 9.256 6.75425L10 10" stroke-linecap="round" stroke-linejoin="round"/>
		<path class="semi-circle" d="M16 30H14.8C13.527 30 12.3061 30.5268 11.4059 31.4645C10.5057 32.4021 10 33.6739 10 35C10 36.3261 10.5057 37.5978 11.4059 38.5355C12.3061 39.4732 13.527 40 14.8 40H16" stroke-linecap="round" stroke-linejoin="round"/>
		<path class="line" d="M25 40L30 40" stroke-linecap="round" stroke-linejoin="round"/>
	</g>
</svg>

                                        <span class="sr-only">Gå til handlekurv</span>
                                        
                                            <div class="cart-count">
                                                
                                                    &nbsp;
                                                
                                            </div>
                                        
                                    </a>
                                </li>
                                <li class="menu-item-toggle-cart hidden-xs">
                                    <a href="#" class="toggle-cart" title="Vis/skjul handlekurv">
                                        <span class="sr-only">Vis/skjul handlekurv</span>
                                        <span class="glyphicon glyphicon-chevron-left toggle-cart-open" aria-hidden="true"></span>
                                        <span class="glyphicon glyphicon-chevron-right toggle-cart-close" aria-hidden="true"></span>
                                    </a>
                                </li>
                            </ul>
                        

                    </div>

                </nav>

                
                    <div class="sub-header hidden-print">
                        

                            <a href="/utlevering/" class="shortcut shortcut-blue">
                                Priser og utlevering
                                
                            </a>

                            <a href="/kundeservice/" class="shortcut shortcut-blue">
                                Hjelp<span class="hidden-xs"> og kundeservice</span>
                            </a>

                            <a href="/bedrift/" class="shortcut shortcut-blue hidden-xs hidden-sm">
                                Bli bedriftskunde
                            </a>

                            <a href="/om/kvalitet/" class="shortcut shortcut-green">
                                <span class="glyphicon glyphicon-leaf hidden-xs" aria-hidden="true"></span>
                                Kvalitet<span class="hidden-xs"> og holdbarhet</span>
                            </a>

                        

                    </div>
                

            </div>

        

        <div class="content-wrapper">

            

            

            

            
            <div id="cart-sidebar">
                
                    <div class="empty-cart product-items" data-list="cart" data-list-mode="grouped">

    <div class="shadow"></div>

    <div class="header">
        <h3>
            Du har ingen varer i handlekurven
        </h3>
    </div>

    
        <p style="padding-top: 250px;">
            Trenger du hjelp til å komme i gang?<br>
            <a href="/introduksjon/">
                Slik handler du på Kolonial.no
            </a>
        </p>
    

</div>

                
            </div>

            <div id="content">
                
                    <div class="wide-container">
                        <div class="content-container" role="main">
                            

    <div class="row">

        <div class="col-xs-12 col-sm-3">
            


<div class="filter-sidebar">
    <nav class="navbar navbar-default">

        <div class="navbar-toggle visible-xs-block" data-toggle="collapse" data-target="#navbar-category-sidebar">
            <h3 class="category-sidebar">
                
                    Brød og frokostblandinger
                
            </h3>
            <span class="sr-only">Vis/skjul kategorier</span>
            <span class="glyphicon glyphicon-menu-down"></span>
        </div>

        <div class="aggregation-filter categories">

            <h3 class="hidden-xs aggregation-filter-headline all-categories-headline category-sidebar">
                <a href="/kategorier/">

                    

                    Alle kategorier
                </a>
            </h3>

            <div class="collapse navbar-collapse" id="navbar-category-sidebar">
                <ul class="list-unstyled">

                    

                    <li class="parent-category ">
                        <h4 class="aggregation-filter-headline">
                            <a href="/produkter/salg/">
                                På tilbud
                            </a>
                        </h4>
                    </li>

                    <li class="parent-category ">
                        <h4 class="aggregation-filter-headline">
                            <a href="/produkter/nyheter/">
                                Nyheter i butikken
                            </a>
                        </h4>
                    </li>

                    

                    

                        

                            <li class="parent-category  ws-xs">
                                <h4 class="aggregation-filter-headline">
                                    <a href="/kategorier/20-frukt-og-gront/">
                                        Frukt og grønt
                                        
                                    </a>
                                </h4>
                            </li>

                        

                    

                        

                            <li class="parent-category ">
                                <h4 class="aggregation-filter-headline">
                                    <a href="/kategorier/488-mathall/">
                                        Mathall
                                        
                                            <span class="product-category-label label label-success">Ny!</span>
                                        
                                    </a>
                                </h4>
                            </li>

                        

                    

                        

                            <li class="parent-category ">
                                <h4 class="aggregation-filter-headline">
                                    <a href="/kategorier/462-clas-ohlson/">
                                        Clas Ohlson-butikken
                                        
                                            <span class="product-category-label label label-success">Ny!</span>
                                        
                                    </a>
                                </h4>
                            </li>

                        

                    

                        

                            <li class="parent-category ">
                                <h4 class="aggregation-filter-headline">
                                    <a href="/kategorier/504-iceland/">
                                        Iceland
                                        
                                            <span class="product-category-label label label-success">Ny!</span>
                                        
                                    </a>
                                </h4>
                            </li>

                        

                    

                        

                            <li class="parent-category ">
                                <h4 class="aggregation-filter-headline">
                                    <a href="/kategorier/401-blomster-og-planter/">
                                        Blomster og planter
                                        
                                    </a>
                                </h4>
                            </li>

                        

                    

                        
                            

<li class="parent-category active">

    
    <h4 class="aggregation-filter-headline">
        <a href="/kategorier/1-brod-og-frokostblandinger/">
            Brød og frokostblandinger
            
        </a>
    </h4>

    <ul class="list-unstyled">
        
            <li class="child-category ">
                <a href="/kategorier/1-brod-og-frokostblandinger/2-ferske-brod/"
                   class="filter-option ">
                    <span class="filter-classifier"></span>
                    <span class="category-name">Ferske brød</span>
                    
                    <span class="item-count"></span>
                </a>
            </li>
        
            <li class="child-category ">
                <a href="/kategorier/1-brod-og-frokostblandinger/456-fersk-smabakst/"
                   class="filter-option ">
                    <span class="filter-classifier"></span>
                    <span class="category-name">Fersk småbakst</span>
                    
                    <span class="item-count"></span>
                </a>
            </li>
        
            <li class="child-category ">
                <a href="/kategorier/1-brod-og-frokostblandinger/393-langtidsholdbare-brod/"
                   class="filter-option ">
                    <span class="filter-classifier"></span>
                    <span class="category-name">Langtidsholdbare brød</span>
                    
                    <span class="item-count"></span>
                </a>
            </li>
        
            <li class="child-category ">
                <a href="/kategorier/1-brod-og-frokostblandinger/99-frosne-brod-og-rundstykker/"
                   class="filter-option ">
                    <span class="filter-classifier"></span>
                    <span class="category-name">Frosne brød og rundstykker</span>
                    
                    <span class="item-count"></span>
                </a>
            </li>
        
            <li class="child-category ">
                <a href="/kategorier/1-brod-og-frokostblandinger/4-knekkebrod/"
                   class="filter-option ">
                    <span class="filter-classifier"></span>
                    <span class="category-name">Knekkebrød</span>
                    
                    <span class="item-count"></span>
                </a>
            </li>
        
            <li class="child-category ">
                <a href="/kategorier/1-brod-og-frokostblandinger/6-polse-og-hamburgerbrod-lomper/"
                   class="filter-option ">
                    <span class="filter-classifier"></span>
                    <span class="category-name">Pølse- og hamburgerbrød, lomper</span>
                    
                    <span class="item-count"></span>
                </a>
            </li>
        
            <li class="child-category ">
                <a href="/kategorier/1-brod-og-frokostblandinger/13-frokostblandinger/"
                   class="filter-option ">
                    <span class="filter-classifier"></span>
                    <span class="category-name">Frokostblandinger og gryn</span>
                    
                    <span class="item-count"></span>
                </a>
            </li>
        
            <li class="child-category ">
                <a href="/kategorier/1-brod-og-frokostblandinger/116-deiger-og-bunner/"
                   class="filter-option ">
                    <span class="filter-classifier"></span>
                    <span class="category-name">Deiger og bunner</span>
                    
                    <span class="item-count"></span>
                </a>
            </li>
        
            <li class="child-category ">
                <a href="/kategorier/1-brod-og-frokostblandinger/256-pasmurt/"
                   class="filter-option ">
                    <span class="filter-classifier"></span>
                    <span class="category-name">Påsmurt</span>
                    
                    <span class="item-count"></span>
                </a>
            </li>
        

    </ul>
</li>

                        

                    

                        

                            <li class="parent-category ">
                                <h4 class="aggregation-filter-headline">
                                    <a href="/kategorier/48-melk-meieriprodukter-og-egg/">
                                        Melk, meieriprodukter og egg
                                        
                                    </a>
                                </h4>
                            </li>

                        

                    

                        

                            <li class="parent-category ">
                                <h4 class="aggregation-filter-headline">
                                    <a href="/kategorier/26-kjott-og-kylling/">
                                        Kjøtt og kylling
                                        
                                    </a>
                                </h4>
                            </li>

                        

                    

                        

                            <li class="parent-category ">
                                <h4 class="aggregation-filter-headline">
                                    <a href="/kategorier/283-fisk-og-sjomat/">
                                        Fisk og sjømat
                                        
                                    </a>
                                </h4>
                            </li>

                        

                    

                        

                            <li class="parent-category ">
                                <h4 class="aggregation-filter-headline">
                                    <a href="/kategorier/142-oster/">
                                        Oster
                                        
                                    </a>
                                </h4>
                            </li>

                        

                    

                        

                            <li class="parent-category ">
                                <h4 class="aggregation-filter-headline">
                                    <a href="/kategorier/241-serveringsklare-retter/">
                                        Serveringsklare retter
                                        
                                    </a>
                                </h4>
                            </li>

                        

                    

                        

                            <li class="parent-category ">
                                <h4 class="aggregation-filter-headline">
                                    <a href="/kategorier/42-palegg/">
                                        Pålegg
                                        
                                    </a>
                                </h4>
                            </li>

                        

                    

                        

                            <li class="parent-category ">
                                <h4 class="aggregation-filter-headline">
                                    <a href="/kategorier/411-grill/">
                                        Grill
                                        
                                    </a>
                                </h4>
                            </li>

                        

                    

                        

                            <li class="parent-category ">
                                <h4 class="aggregation-filter-headline">
                                    <a href="/kategorier/32-middager-og-tilbehor/">
                                        Middager og tilbehør
                                        
                                    </a>
                                </h4>
                            </li>

                        

                    

                        

                            <li class="parent-category ">
                                <h4 class="aggregation-filter-headline">
                                    <a href="/kategorier/424-pizza-og-taco/">
                                        Pizza og taco
                                        
                                    </a>
                                </h4>
                            </li>

                        

                    

                        

                            <li class="parent-category ">
                                <h4 class="aggregation-filter-headline">
                                    <a href="/kategorier/448-asiatisk/">
                                        Asiatisk
                                        
                                    </a>
                                </h4>
                            </li>

                        

                    

                        

                            <li class="parent-category ">
                                <h4 class="aggregation-filter-headline">
                                    <a href="/kategorier/60-drikkevarer/">
                                        Drikkevarer
                                        
                                    </a>
                                </h4>
                            </li>

                        

                    

                        

                            <li class="parent-category ">
                                <h4 class="aggregation-filter-headline">
                                    <a href="/kategorier/457-varme-drikker/">
                                        Varme drikker
                                        
                                    </a>
                                </h4>
                            </li>

                        

                    

                        

                    

                        

                            <li class="parent-category ">
                                <h4 class="aggregation-filter-headline">
                                    <a href="/kategorier/37-olje-og-krydder/">
                                        Olje og krydder
                                        
                                    </a>
                                </h4>
                            </li>

                        

                    

                        

                            <li class="parent-category ">
                                <h4 class="aggregation-filter-headline">
                                    <a href="/kategorier/15-mel-og-bakeingredienser/">
                                        Mel og bakeingredienser
                                        
                                    </a>
                                </h4>
                            </li>

                        

                    

                        

                            <li class="parent-category ">
                                <h4 class="aggregation-filter-headline">
                                    <a href="/kategorier/408-og-desserter/">
                                        Is og desserter
                                        
                                    </a>
                                </h4>
                            </li>

                        

                    

                        

                            <li class="parent-category ">
                                <h4 class="aggregation-filter-headline">
                                    <a href="/kategorier/348-kaker-kjeks-og-desserter/">
                                        Kaker, kjeks og desserter
                                        
                                    </a>
                                </h4>
                            </li>

                        

                    

                        

                            <li class="parent-category ">
                                <h4 class="aggregation-filter-headline">
                                    <a href="/kategorier/67-snacks-og-godteri/">
                                        Snacks og godteri
                                        
                                    </a>
                                </h4>
                            </li>

                        

                    

                        

                            <li class="parent-category ">
                                <h4 class="aggregation-filter-headline">
                                    <a href="/kategorier/73-barneprodukter/">
                                        Barneprodukter
                                        
                                    </a>
                                </h4>
                            </li>

                        

                    

                        

                            <li class="parent-category ">
                                <h4 class="aggregation-filter-headline">
                                    <a href="/kategorier/79-shampo-sape-og-hudpleie/">
                                        Shampo, såpe og hudpleie
                                        
                                    </a>
                                </h4>
                            </li>

                        

                    

                        

                            <li class="parent-category ">
                                <h4 class="aggregation-filter-headline">
                                    <a href="/kategorier/435-sminke-og-skjonnhet/">
                                        Sminke og skjønnhet
                                        
                                    </a>
                                </h4>
                            </li>

                        

                    

                        

                            <li class="parent-category ">
                                <h4 class="aggregation-filter-headline">
                                    <a href="/kategorier/373-hygieneartikler/">
                                        Hygieneartikler
                                        
                                    </a>
                                </h4>
                            </li>

                        

                    

                        

                            <li class="parent-category ">
                                <h4 class="aggregation-filter-headline">
                                    <a href="/kategorier/365-legemidler-og-helsekost/">
                                        Legemidler og helsekost
                                        
                                    </a>
                                </h4>
                            </li>

                        

                    

                        

                            <li class="parent-category ">
                                <h4 class="aggregation-filter-headline">
                                    <a href="/kategorier/394-trening/">
                                        Trening
                                        
                                    </a>
                                </h4>
                            </li>

                        

                    

                        

                            <li class="parent-category ">
                                <h4 class="aggregation-filter-headline">
                                    <a href="/kategorier/163-torkepapir-og-vaskemidler/">
                                        Tørkepapir og vaskemidler
                                        
                                    </a>
                                </h4>
                            </li>

                        

                    

                        

                            <li class="parent-category ">
                                <h4 class="aggregation-filter-headline">
                                    <a href="/kategorier/331-magasiner-og-boker/">
                                        Magasiner og bøker
                                        
                                    </a>
                                </h4>
                            </li>

                        

                    

                        

                            <li class="parent-category ">
                                <h4 class="aggregation-filter-headline">
                                    <a href="/kategorier/444-undertoy-og-stromper/">
                                        Undertøy og strømper
                                        
                                    </a>
                                </h4>
                            </li>

                        

                    

                        

                            <li class="parent-category ">
                                <h4 class="aggregation-filter-headline">
                                    <a href="/kategorier/85-hus-og-hjem/">
                                        Hus og hjem
                                        
                                    </a>
                                </h4>
                            </li>

                        

                    

                        

                            <li class="parent-category ">
                                <h4 class="aggregation-filter-headline">
                                    <a href="/kategorier/128-dyremat/">
                                        Dyremat
                                        
                                    </a>
                                </h4>
                            </li>

                        

                    

                        

                    

                </ul>

            </div>

        </div>

    </nav>
</div>

<div class="visible-xs-block">
    

<ul class="nav nav-pills">
    
        
            
                <li>
                    <a href="/kategorier/1-brod-og-frokostblandinger/2-ferske-brod/">Ferske brød</a>
                </li>
            
                <li>
                    <a href="/kategorier/1-brod-og-frokostblandinger/456-fersk-smabakst/">Fersk småbakst</a>
                </li>
            
                <li>
                    <a href="/kategorier/1-brod-og-frokostblandinger/393-langtidsholdbare-brod/">Langtidsholdbare brød</a>
                </li>
            
                <li>
                    <a href="/kategorier/1-brod-og-frokostblandinger/99-frosne-brod-og-rundstykker/">Frosne brød og rundstykker</a>
                </li>
            
                <li>
                    <a href="/kategorier/1-brod-og-frokostblandinger/4-knekkebrod/">Knekkebrød</a>
                </li>
            
                <li>
                    <a href="/kategorier/1-brod-og-frokostblandinger/6-polse-og-hamburgerbrod-lomper/">Pølse- og hamburgerbrød, lomper</a>
                </li>
            
                <li>
                    <a href="/kategorier/1-brod-og-frokostblandinger/13-frokostblandinger/">Frokostblandinger og gryn</a>
                </li>
            
                <li>
                    <a href="/kategorier/1-brod-og-frokostblandinger/116-deiger-og-bunner/">Deiger og bunner</a>
                </li>
            
                <li>
                    <a href="/kategorier/1-brod-og-frokostblandinger/256-pasmurt/">Påsmurt</a>
                </li>
            
        
    
</ul>

</div>

        </div>

        <div class="col-xs-12 col-sm-9">
            

<div class="product-category-header">

    <ol class="breadcrumb hidden-xs">
        <li id="breadcrumb-alle-varer" itemscope itemtype="http://data-vocabulary.org/Breadcrumb">
            <a href="/kategorier/" itemprop="url"><span itemprop="title">Alle varer</span></a>
        </li>

        

        <li class="active" id="breadcrumb-brod-og-frokostblandinger" itemscope itemtype="http://data-vocabulary.org/Breadcrumb">
            <span itemprop="title">Brød og frokostblandinger</span>
        </li>
    </ol>

    <h3 class="hidden-xs">
        Brød og frokostblandinger
        
    </h3>

    

    <div class="hidden-xs">
        

<ul class="nav nav-pills">
    
        
            
                <li>
                    <a href="/kategorier/1-brod-og-frokostblandinger/2-ferske-brod/">Ferske brød</a>
                </li>
            
                <li>
                    <a href="/kategorier/1-brod-og-frokostblandinger/456-fersk-smabakst/">Fersk småbakst</a>
                </li>
            
                <li>
                    <a href="/kategorier/1-brod-og-frokostblandinger/393-langtidsholdbare-brod/">Langtidsholdbare brød</a>
                </li>
            
                <li>
                    <a href="/kategorier/1-brod-og-frokostblandinger/99-frosne-brod-og-rundstykker/">Frosne brød og rundstykker</a>
                </li>
            
                <li>
                    <a href="/kategorier/1-brod-og-frokostblandinger/4-knekkebrod/">Knekkebrød</a>
                </li>
            
                <li>
                    <a href="/kategorier/1-brod-og-frokostblandinger/6-polse-og-hamburgerbrod-lomper/">Pølse- og hamburgerbrød, lomper</a>
                </li>
            
                <li>
                    <a href="/kategorier/1-brod-og-frokostblandinger/13-frokostblandinger/">Frokostblandinger og gryn</a>
                </li>
            
                <li>
                    <a href="/kategorier/1-brod-og-frokostblandinger/116-deiger-og-bunner/">Deiger og bunner</a>
                </li>
            
                <li>
                    <a href="/kategorier/1-brod-og-frokostblandinger/256-pasmurt/">Påsmurt</a>
                </li>
            
        
    
</ul>

    </div>

    
    

        
        
        

    

    
    
        <div class="hidden-xs expiry-info">
            <a href="/om/kvalitet/#holdbarhet">
                <p>
                    <img class="float-left" height="15" width="15" src="/static/products/img/expiry20x20@2x.3199d2f6d551.png" alt="Holdbarhetsgaranti">
                    Dette symbolet indikerer et unntak fra vår generelle holdbarhetsgaranti på 7 dager.
                    <span class="read-more">Les mer om garantien</span>
                </p>
            </a>
        </div>
    

</div>




            <div class="product-category-list ws-xs">

                
                    <h4 class="child-category-headline">
                        <a class="headline" href="/kategorier/1-brod-og-frokostblandinger/2-ferske-brod/">Ferske brød</a>
                        <a href="/kategorier/1-brod-og-frokostblandinger/2-ferske-brod/" class="btn btn-text-only pull-right">
                            <span class="hidden-xs">Vis alle i Ferske brød</span>
                            <span aria-label="Vis alle i Ferske brød" class="visible-xs-inline">Vis alle</span>
                            <span class="glyphicon glyphicon glyphicon-menu-right"></span>
                        </a>
                    </h4>

                    <div class="product-category-list ws-xs">
                        
                            
<div class="row">
    

        
            
        

        
        

            


    <div class="col-xs-6 col-sm-3 col-md-2">
        <div class="product-list-item ">

                


                
                


                
                    <a data-app-open-native href="/produkter/30257-brodverket-fine-rundstykker/" class="modal-link">
                

                    <div>
                        <div class="image-container">
                            
                                <img src="https://bilder.kolonial.no/produkter/fdac9a3b-3a96-4dce-a8c9-0298588102c3.jpg?fill=solid&amp;fill-color=ffffff&amp;fit=fill&amp;h=140&amp;w=140&amp;s=f7035773ffef519a46f2113db3e3dc66" alt="Fine Rundstykker" width="140" height="140" title="Bilde: © Brødverket / Kolonial.no" srcset="https://bilder.kolonial.no/produkter/fdac9a3b-3a96-4dce-a8c9-0298588102c3.jpg?fill=solid&amp;fill-color=ffffff&amp;fit=fill&amp;h=140&amp;w=140&amp;s=f7035773ffef519a46f2113db3e3dc66 1x, https://bilder.kolonial.no/produkter/fdac9a3b-3a96-4dce-a8c9-0298588102c3.jpg?fill=solid&amp;fill-color=ffffff&amp;fit=fill&amp;h=280&amp;w=280&amp;s=790432b8561082ca3f6304d7c9410e70 2x" />
                            

                            
                            

                            <div class="product-classifiers">
                                

                                

                                

                                

                                

                                

                                

                                

                                

                                
                                    
                                

                            </div>

                        </div>
                    </div>

                    <p class="price label label-price">
                        kr 32,90
                    </p>

                    
                        <p class="unit-price">
                            kr 65,80 per kg
                        </p>
                    

                    <h3 class="name">
                        <div class="name-main wrap-two-lines">Fine Rundstykker</div>
                        <div class="name-extra wrap-one-line">
                            

                            4 stk
                        </div>
                    </h3>

                    

                        

                    

                
                    </a>
                

                <div class="buttons">

                    
                        
                            <div class="add-to-cart-group" data-product="30257" >
                                <div class="not-in-cart">
                                    <button type="button"
                                        class=" add-to-cart btn btn-sm btn-primary"
                                        data-action="add-to-cart"
                                        data-product="30257"
                                        data-quantity="1"
                                        data-to-list="cart"
                                        aria-label="Kjøp Fine Rundstykker 4 stk"
                                        
                                        
                                        data-tr-location="Product Category Parent"
                                        >
                                        Kjøp
                                    </button>
                                </div>
                                <div class="in-cart">
                                    <button type="button"
                                        class=" cart-quantity-change position-1"
                                        data-action="add-to-cart"
                                        data-product="30257"
                                        data-quantity="-1"
                                        data-to-list="cart"
                                        aria-label="Fjern 1 Fine Rundstykker fra handlekurven"
                                        title="Fjern 1 Fine Rundstykker fra handlekurven"
                                        
                                        
                                        data-tr-location="Product Category Parent"
                                        >
                                        <svg xmlns="http://www.w3.org/2000/svg" xmlns:xlink="http://www.w3.org/1999/xlink" version="1.1" class="icon icon-minus" y="0" viewBox="0 0 45 45" enable-background="new 0 0 45 45" xml:space="preserve" aria-label="Minus-symbol">
    <rect class="fill" x="0" y="19.6" width="45" height="5.8"/>
</svg>

                                    </button>
                                    <button type="button"
                                        class=" cart-quantity-change position-3"
                                        data-action="add-to-cart"
                                        data-product="30257"
                                        data-quantity="1"
                                        data-to-list="cart"
                                        aria-label="Legg til 1 Fine Rundstykker i handlekurven"
                                        title="Legg til 1 Fine Rundstykker i handlekurven"
                                        
                                        
                                        data-tr-location="Product Category Parent"
                                        >
                                        <svg xmlns="http://www.w3.org/2000/svg" xmlns:xlink="http://www.w3.org/1999/xlink" version="1.1" class="icon icon-plus" x="0" y="0" viewBox="0 0 45 45" enable-background="new 0 0 45 45" xml:space="preserve" aria-label="Pluss-symbol">
    <polygon class="fill" points="45 19.6 25.4 19.6 25.4 0 19.6 0 19.6 19.6 0 19.6 0 25.4 19.6 25.4 19.6 45 25.4 45 25.4 25.4 45 25.4 "/>
</svg>

                                    </button>
                                    <div class="cart-quantity position-2" title="Antall i handlekurven">
                                        
                                    </div>
                                </div>
                            </div>
                        
                    

                </div>

        </div>
    </div>



        

    

        
            
        

        
        

            


    <div class="col-xs-6 col-sm-3 col-md-2">
        <div class="product-list-item ">

                


                
                


                
                    <a data-app-open-native href="/produkter/29400-brodverket-focaccia-med-oliven/" class="modal-link">
                

                    <div>
                        <div class="image-container">
                            
                                <img src="https://bilder.kolonial.no/produkter/94c34f21-6e20-4792-80e3-a30fabf253f2.jpg?fill=solid&amp;fill-color=ffffff&amp;fit=fill&amp;h=140&amp;w=140&amp;s=f2072c9d16db49fa3cb0e31f5f20b585" alt="Focaccia" width="140" height="140" title="Bilde: © Brødverket / Kolonial.no" srcset="https://bilder.kolonial.no/produkter/94c34f21-6e20-4792-80e3-a30fabf253f2.jpg?fill=solid&amp;fill-color=ffffff&amp;fit=fill&amp;h=140&amp;w=140&amp;s=f2072c9d16db49fa3cb0e31f5f20b585 1x, https://bilder.kolonial.no/produkter/94c34f21-6e20-4792-80e3-a30fabf253f2.jpg?fill=solid&amp;fill-color=ffffff&amp;fit=fill&amp;h=280&amp;w=280&amp;s=5b44f95fc288d50395410f82a6568c02 2x" />
                            

                            
                            

                            <div class="product-classifiers">
                                

                                

                                

                                

                                

                                

                                

                                

                                

                                
                                    
                                

                            </div>

                        </div>
                    </div>

                    <p class="price label label-price">
                        kr 49,90
                    </p>

                    
                        <p class="unit-price">
                            kr 99,80 per kg
                        </p>
                    

                    <h3 class="name">
                        <div class="name-main wrap-two-lines">Focaccia</div>
                        <div class="name-extra wrap-one-line">
                            

                            Med Oliven, 500 g
                        </div>
                    </h3>

                    

                        

                    

                
                    </a>
                

                <div class="buttons">

                    
                        
                            <div class="add-to-cart-group" data-product="29400" >
                                <div class="not-in-cart">
                                    <button type="button"
                                        class=" add-to-cart btn btn-sm btn-primary"
                                        data-action="add-to-cart"
                                        data-product="29400"
                                        data-quantity="1"
                                        data-to-list="cart"
                                        aria-label="Kjøp Focaccia Med Oliven, 500 g"
                                        
                                        
                                        data-tr-location="Product Category Parent"
                                        >
                                        Kjøp
                                    </button>
                                </div>
                                <div class="in-cart">
                                    <button type="button"
                                        class=" cart-quantity-change position-1"
                                        data-action="add-to-cart"
                                        data-product="29400"
                                        data-quantity="-1"
                                        data-to-list="cart"
                                        aria-label="Fjern 1 Focaccia fra handlekurven"
                                        title="Fjern 1 Focaccia fra handlekurven"
                                        
                                        
                                        data-tr-location="Product Category Parent"
                                        >
                                        <svg xmlns="http://www.w3.org/2000/svg" xmlns:xlink="http://www.w3.org/1999/xlink" version="1.1" class="icon icon-minus" y="0" viewBox="0 0 45 45" enable-background="new 0 0 45 45" xml:space="preserve" aria-label="Minus-symbol">
    <rect class="fill" x="0" y="19.6" width="45" height="5.8"/>
</svg>

                                    </button>
                                    <button type="button"
                                        class=" cart-quantity-change position-3"
                                        data-action="add-to-cart"
                                        data-product="29400"
                                        data-quantity="1"
                                        data-to-list="cart"
                                        aria-label="Legg til 1 Focaccia i handlekurven"
                                        title="Legg til 1 Focaccia i handlekurven"
                                        
                                        
                                        data-tr-location="Product Category Parent"
                                        >
                                        <svg xmlns="http://www.w3.org/2000/svg" xmlns:xlink="http://www.w3.org/1999/xlink" version="1.1" class="icon icon-plus" x="0" y="0" viewBox="0 0 45 45" enable-background="new 0 0 45 45" xml:space="preserve" aria-label="Pluss-symbol">
    <polygon class="fill" points="45 19.6 25.4 19.6 25.4 0 19.6 0 19.6 19.6 0 19.6 0 25.4 19.6 25.4 19.6 45 25.4 45 25.4 25.4 45 25.4 "/>
</svg>

                                    </button>
                                    <div class="cart-quantity position-2" title="Antall i handlekurven">
                                        
                                    </div>
                                </div>
                            </div>
                        
                    

                </div>

        </div>
    </div>



        

    

        
            
        

        
        

            


    <div class="col-xs-6 col-sm-3 col-md-2">
        <div class="product-list-item ">

                


                
                


                
                    <a data-app-open-native href="/produkter/29445-brodverket-fransk-surdeigsbrod/" class="modal-link">
                

                    <div>
                        <div class="image-container">
                            
                                <img src="https://bilder.kolonial.no/produkter/85f47f8a-6802-47c8-ad7a-fb97bf3ce2ec.jpg?fill=solid&amp;fill-color=ffffff&amp;fit=fill&amp;h=140&amp;w=140&amp;s=196dd08f77d27befa07248a3c8a7fca5" alt="Fransk Surdeigsbrød" width="140" height="140" title="Bilde: © Brødverket / Kolonial.no" srcset="https://bilder.kolonial.no/produkter/85f47f8a-6802-47c8-ad7a-fb97bf3ce2ec.jpg?fill=solid&amp;fill-color=ffffff&amp;fit=fill&amp;h=140&amp;w=140&amp;s=196dd08f77d27befa07248a3c8a7fca5 1x, https://bilder.kolonial.no/produkter/85f47f8a-6802-47c8-ad7a-fb97bf3ce2ec.jpg?fill=solid&amp;fill-color=ffffff&amp;fit=fill&amp;h=280&amp;w=280&amp;s=c602bfa8a07ea80058f34e78b4774f39 2x" />
                            

                            
                            

                            <div class="product-classifiers">
                                

                                

                                

                                

                                

                                

                                

                                
                                    <div class="bread-scale-1" title="Produktet er Fint på Grovhetsskalaen">
                                        <p class="sr-only">
                                            Fint
                                        </p>
                                    </div>
                                

                                

                                
                                    
                                

                            </div>

                        </div>
                    </div>

                    <p class="price label label-price">
                        kr 49,90
                    </p>

                    
                        <p class="unit-price">
                            kr 71,29 per kg
                        </p>
                    

                    <h3 class="name">
                        <div class="name-main wrap-two-lines">Fransk Surdeigsbrød</div>
                        <div class="name-extra wrap-one-line">
                            

                            700 g
                        </div>
                    </h3>

                    

                        

                    

                
                    </a>
                

                <div class="buttons">

                    
                        
                            <div class="add-to-cart-group" data-product="29445" >
                                <div class="not-in-cart">
                                    <button type="button"
                                        class=" add-to-cart btn btn-sm btn-primary"
                                        data-action="add-to-cart"
                                        data-product="29445"
                                        data-quantity="1"
                                        data-to-list="cart"
                                        aria-label="Kjøp Fransk Surdeigsbrød 700 g"
                                        
                                        
                                        data-tr-location="Product Category Parent"
                                        >
                                        Kjøp
                                    </button>
                                </div>
                                <div class="in-cart">
                                    <button type="button"
                                        class=" cart-quantity-change position-1"
                                        data-action="add-to-cart"
                                        data-product="29445"
                                        data-quantity="-1"
                                        data-to-list="cart"
                                        aria-label="Fjern 1 Fransk Surdeigsbrød fra handlekurven"
                                        title="Fjern 1 Fransk Surdeigsbrød fra handlekurven"
                                        
                                        
                                        data-tr-location="Product Category Parent"
                                        >
                                        <svg xmlns="http://www.w3.org/2000/svg" xmlns:xlink="http://www.w3.org/1999/xlink" version="1.1" class="icon icon-minus" y="0" viewBox="0 0 45 45" enable-background="new 0 0 45 45" xml:space="preserve" aria-label="Minus-symbol">
    <rect class="fill" x="0" y="19.6" width="45" height="5.8"/>
</svg>

                                    </button>
                                    <button type="button"
                                        class=" cart-quantity-change position-3"
                                        data-action="add-to-cart"
                                        data-product="29445"
                                        data-quantity="1"
                                        data-to-list="cart"
                                        aria-label="Legg til 1 Fransk Surdeigsbrød i handlekurven"
                                        title="Legg til 1 Fransk Surdeigsbrød i handlekurven"
                                        
                                        
                                        data-tr-location="Product Category Parent"
                                        >
                                        <svg xmlns="http://www.w3.org/2000/svg" xmlns:xlink="http://www.w3.org/1999/xlink" version="1.1" class="icon icon-plus" x="0" y="0" viewBox="0 0 45 45" enable-background="new 0 0 45 45" xml:space="preserve" aria-label="Pluss-symbol">
    <polygon class="fill" points="45 19.6 25.4 19.6 25.4 0 19.6 0 19.6 19.6 0 19.6 0 25.4 19.6 25.4 19.6 45 25.4 45 25.4 25.4 45 25.4 "/>
</svg>

                                    </button>
                                    <div class="cart-quantity position-2" title="Antall i handlekurven">
                                        
                                    </div>
                                </div>
                            </div>
                        
                    

                </div>

        </div>
    </div>



        

    

        
            
        

        
        

            


    <div class="col-xs-6 col-sm-3 col-md-2">
        <div class="product-list-item ">

                


                
                


                
                    <a data-app-open-native href="/produkter/16419-brodverket-nybakt-okologisk-speltbrod/" class="modal-link">
                

                    <div>
                        <div class="image-container">
                            
                                <img src="https://bilder.kolonial.no/produkter/313cd374-c735-41bd-b905-52267af6d929.jpg?fill=solid&amp;fill-color=ffffff&amp;fit=fill&amp;h=140&amp;w=140&amp;s=c89b7106a34ccec7ab32f6568c195507" alt="Nybakt Økologisk Speltbrød" width="140" height="140" title="Bilde: © Brødverket / Kolonial.no" srcset="https://bilder.kolonial.no/produkter/313cd374-c735-41bd-b905-52267af6d929.jpg?fill=solid&amp;fill-color=ffffff&amp;fit=fill&amp;h=140&amp;w=140&amp;s=c89b7106a34ccec7ab32f6568c195507 1x, https://bilder.kolonial.no/produkter/313cd374-c735-41bd-b905-52267af6d929.jpg?fill=solid&amp;fill-color=ffffff&amp;fit=fill&amp;h=280&amp;w=280&amp;s=91dc92b1723180bf7a978d25bdf6c1d3 2x" />
                            

                            
                            

                            <div class="product-classifiers">
                                

                                

                                
                                    <div class="keyhole" title="Produktet er merket med Nøkkelhullet">
                                        <p class="sr-only">
                                            Nøkkelhullet
                                        </p>
                                    </div>
                                

                                

                                

                                

                                

                                
                                    <div class="bread-scale-4" title="Produktet er Ekstragrovt på Grovhetsskalaen">
                                        <p class="sr-only">
                                            Ekstragrovt
                                        </p>
                                    </div>
                                

                                

                                
                                    
                                

                            </div>

                        </div>
                    </div>

                    <p class="price label label-price">
                        kr 59,90
                    </p>

                    
                        <p class="unit-price">
                            kr 77,79 per kg
                        </p>
                    

                    <h3 class="name">
                        <div class="name-main wrap-two-lines">Nybakt Økologisk Speltbrød</div>
                        <div class="name-extra wrap-one-line">
                            

                            770 g
                        </div>
                    </h3>

                    

                        

                    

                
                    </a>
                

                <div class="buttons">

                    
                        
                            <div class="add-to-cart-group" data-product="16419" >
                                <div class="not-in-cart">
                                    <button type="button"
                                        class=" add-to-cart btn btn-sm btn-primary"
                                        data-action="add-to-cart"
                                        data-product="16419"
                                        data-quantity="1"
                                        data-to-list="cart"
                                        aria-label="Kjøp Nybakt Økologisk Speltbrød 770 g"
                                        
                                        
                                        data-tr-location="Product Category Parent"
                                        >
                                        Kjøp
                                    </button>
                                </div>
                                <div class="in-cart">
                                    <button type="button"
                                        class=" cart-quantity-change position-1"
                                        data-action="add-to-cart"
                                        data-product="16419"
                                        data-quantity="-1"
                                        data-to-list="cart"
                                        aria-label="Fjern 1 Nybakt Økologisk Speltbrød fra handlekurven"
                                        title="Fjern 1 Nybakt Økologisk Speltbrød fra handlekurven"
                                        
                                        
                                        data-tr-location="Product Category Parent"
                                        >
                                        <svg xmlns="http://www.w3.org/2000/svg" xmlns:xlink="http://www.w3.org/1999/xlink" version="1.1" class="icon icon-minus" y="0" viewBox="0 0 45 45" enable-background="new 0 0 45 45" xml:space="preserve" aria-label="Minus-symbol">
    <rect class="fill" x="0" y="19.6" width="45" height="5.8"/>
</svg>

                                    </button>
                                    <button type="button"
                                        class=" cart-quantity-change position-3"
                                        data-action="add-to-cart"
                                        data-product="16419"
                                        data-quantity="1"
                                        data-to-list="cart"
                                        aria-label="Legg til 1 Nybakt Økologisk Speltbrød i handlekurven"
                                        title="Legg til 1 Nybakt Økologisk Speltbrød i handlekurven"
                                        
                                        
                                        data-tr-location="Product Category Parent"
                                        >
                                        <svg xmlns="http://www.w3.org/2000/svg" xmlns:xlink="http://www.w3.org/1999/xlink" version="1.1" class="icon icon-plus" x="0" y="0" viewBox="0 0 45 45" enable-background="new 0 0 45 45" xml:space="preserve" aria-label="Pluss-symbol">
    <polygon class="fill" points="45 19.6 25.4 19.6 25.4 0 19.6 0 19.6 19.6 0 19.6 0 25.4 19.6 25.4 19.6 45 25.4 45 25.4 25.4 45 25.4 "/>
</svg>

                                    </button>
                                    <div class="cart-quantity position-2" title="Antall i handlekurven">
                                        
                                    </div>
                                </div>
                            </div>
                        
                    

                </div>

        </div>
    </div>



        

    

        
            
        

        
        

            


    <div class="col-xs-6 col-sm-3 col-md-2">
        <div class="product-list-item ">

                


                
                


                
                    <a data-app-open-native href="/produkter/27236-brodverket-7-kornbrod/" class="modal-link">
                

                    <div>
                        <div class="image-container">
                            
                                <img src="https://bilder.kolonial.no/produkter/6526040e-80ea-43ef-82e6-a144ab1220ec.jpg?fill=solid&amp;fill-color=ffffff&amp;fit=fill&amp;h=140&amp;w=140&amp;s=35ab8eaa2adc7b737deac8416b9c922f" alt="7-kornbrød" width="140" height="140" title="Bilde: © Brødverket / Kolonial.no" srcset="https://bilder.kolonial.no/produkter/6526040e-80ea-43ef-82e6-a144ab1220ec.jpg?fill=solid&amp;fill-color=ffffff&amp;fit=fill&amp;h=140&amp;w=140&amp;s=35ab8eaa2adc7b737deac8416b9c922f 1x, https://bilder.kolonial.no/produkter/6526040e-80ea-43ef-82e6-a144ab1220ec.jpg?fill=solid&amp;fill-color=ffffff&amp;fit=fill&amp;h=280&amp;w=280&amp;s=3dbf30167fd0eb32f608268b6caddcc1 2x" />
                            

                            
                            

                            <div class="product-classifiers">
                                

                                

                                
                                    <div class="keyhole" title="Produktet er merket med Nøkkelhullet">
                                        <p class="sr-only">
                                            Nøkkelhullet
                                        </p>
                                    </div>
                                

                                

                                

                                

                                

                                
                                    <div class="bread-scale-3" title="Produktet er Grovt på Grovhetsskalaen">
                                        <p class="sr-only">
                                            Grovt
                                        </p>
                                    </div>
                                

                                

                                
                                    
                                

                            </div>

                        </div>
                    </div>

                    <p class="price label label-price">
                        kr 42,50
                    </p>

                    
                        <p class="unit-price">
                            kr 60,71 per kg
                        </p>
                    

                    <h3 class="name">
                        <div class="name-main wrap-two-lines">7-kornbrød</div>
                        <div class="name-extra wrap-one-line">
                            

                            700 g
                        </div>
                    </h3>

                    

                        

                    

                
                    </a>
                

                <div class="buttons">

                    
                        
                            <div class="add-to-cart-group" data-product="27236" >
                                <div class="not-in-cart">
                                    <button type="button"
                                        class=" add-to-cart btn btn-sm btn-primary"
                                        data-action="add-to-cart"
                                        data-product="27236"
                                        data-quantity="1"
                                        data-to-list="cart"
                                        aria-label="Kjøp 7-kornbrød 700 g"
                                        
                                        
                                        data-tr-location="Product Category Parent"
                                        >
                                        Kjøp
                                    </button>
                                </div>
                                <div class="in-cart">
                                    <button type="button"
                                        class=" cart-quantity-change position-1"
                                        data-action="add-to-cart"
                                        data-product="27236"
                                        data-quantity="-1"
                                        data-to-list="cart"
                                        aria-label="Fjern 1 7-kornbrød fra handlekurven"
                                        title="Fjern 1 7-kornbrød fra handlekurven"
                                        
                                        
                                        data-tr-location="Product Category Parent"
                                        >
                                        <svg xmlns="http://www.w3.org/2000/svg" xmlns:xlink="http://www.w3.org/1999/xlink" version="1.1" class="icon icon-minus" y="0" viewBox="0 0 45 45" enable-background="new 0 0 45 45" xml:space="preserve" aria-label="Minus-symbol">
    <rect class="fill" x="0" y="19.6" width="45" height="5.8"/>
</svg>

                                    </button>
                                    <button type="button"
                                        class=" cart-quantity-change position-3"
                                        data-action="add-to-cart"
                                        data-product="27236"
                                        data-quantity="1"
                                        data-to-list="cart"
                                        aria-label="Legg til 1 7-kornbrød i handlekurven"
                                        title="Legg til 1 7-kornbrød i handlekurven"
                                        
                                        
                                        data-tr-location="Product Category Parent"
                                        >
                                        <svg xmlns="http://www.w3.org/2000/svg" xmlns:xlink="http://www.w3.org/1999/xlink" version="1.1" class="icon icon-plus" x="0" y="0" viewBox="0 0 45 45" enable-background="new 0 0 45 45" xml:space="preserve" aria-label="Pluss-symbol">
    <polygon class="fill" points="45 19.6 25.4 19.6 25.4 0 19.6 0 19.6 19.6 0 19.6 0 25.4 19.6 25.4 19.6 45 25.4 45 25.4 25.4 45 25.4 "/>
</svg>

                                    </button>
                                    <div class="cart-quantity position-2" title="Antall i handlekurven">
                                        
                                    </div>
                                </div>
                            </div>
                        
                    

                </div>

        </div>
    </div>



        

    

        
            
        

        
        

            


    <div class="col-xs-6 col-sm-3 col-md-2">
        <div class="product-list-item ">

                


                
                


                
                    <a data-app-open-native href="/produkter/16425-brodverket-solsikkebrod-ferskt/" class="modal-link">
                

                    <div>
                        <div class="image-container">
                            
                                <img src="https://bilder.kolonial.no/produkter/ea4fd16e-f8ad-475a-a002-491d01841d97.jpg?fill=solid&amp;fill-color=ffffff&amp;fit=fill&amp;h=140&amp;w=140&amp;s=41114395f2ec65f733a290a9cd140d96" alt="Solsikkebrød" width="140" height="140" title="Bilde: © Brødverket / Kolonial.no" srcset="https://bilder.kolonial.no/produkter/ea4fd16e-f8ad-475a-a002-491d01841d97.jpg?fill=solid&amp;fill-color=ffffff&amp;fit=fill&amp;h=140&amp;w=140&amp;s=41114395f2ec65f733a290a9cd140d96 1x, https://bilder.kolonial.no/produkter/ea4fd16e-f8ad-475a-a002-491d01841d97.jpg?fill=solid&amp;fill-color=ffffff&amp;fit=fill&amp;h=280&amp;w=280&amp;s=e657444f3588e401b35b8adfd63979e7 2x" />
                            

                            
                            

                            <div class="product-classifiers">
                                

                                

                                
                                    <div class="keyhole" title="Produktet er merket med Nøkkelhullet">
                                        <p class="sr-only">
                                            Nøkkelhullet
                                        </p>
                                    </div>
                                

                                

                                

                                

                                

                                
                                    <div class="bread-scale-2" title="Produktet er Halvgrovt på Grovhetsskalaen">
                                        <p class="sr-only">
                                            Halvgrovt
                                        </p>
                                    </div>
                                

                                

                                
                                    
                                

                            </div>

                        </div>
                    </div>

                    <p class="price label label-price">
                        kr 41,40
                    </p>

                    
                        <p class="unit-price">
                            kr 53,77 per kg
                        </p>
                    

                    <h3 class="name">
                        <div class="name-main wrap-two-lines">Solsikkebrød</div>
                        <div class="name-extra wrap-one-line">
                            

                            Ferskt, 770 g
                        </div>
                    </h3>

                    

                        

                    

                
                    </a>
                

                <div class="buttons">

                    
                        
                            <div class="add-to-cart-group" data-product="16425" >
                                <div class="not-in-cart">
                                    <button type="button"
                                        class=" add-to-cart btn btn-sm btn-primary"
                                        data-action="add-to-cart"
                                        data-product="16425"
                                        data-quantity="1"
                                        data-to-list="cart"
                                        aria-label="Kjøp Solsikkebrød Ferskt, 770 g"
                                        
                                        
                                        data-tr-location="Product Category Parent"
                                        >
                                        Kjøp
                                    </button>
                                </div>
                                <div class="in-cart">
                                    <button type="button"
                                        class=" cart-quantity-change position-1"
                                        data-action="add-to-cart"
                                        data-product="16425"
                                        data-quantity="-1"
                                        data-to-list="cart"
                                        aria-label="Fjern 1 Solsikkebrød fra handlekurven"
                                        title="Fjern 1 Solsikkebrød fra handlekurven"
                                        
                                        
                                        data-tr-location="Product Category Parent"
                                        >
                                        <svg xmlns="http://www.w3.org/2000/svg" xmlns:xlink="http://www.w3.org/1999/xlink" version="1.1" class="icon icon-minus" y="0" viewBox="0 0 45 45" enable-background="new 0 0 45 45" xml:space="preserve" aria-label="Minus-symbol">
    <rect class="fill" x="0" y="19.6" width="45" height="5.8"/>
</svg>

                                    </button>
                                    <button type="button"
                                        class=" cart-quantity-change position-3"
                                        data-action="add-to-cart"
                                        data-product="16425"
                                        data-quantity="1"
                                        data-to-list="cart"
                                        aria-label="Legg til 1 Solsikkebrød i handlekurven"
                                        title="Legg til 1 Solsikkebrød i handlekurven"
                                        
                                        
                                        data-tr-location="Product Category Parent"
                                        >
                                        <svg xmlns="http://www.w3.org/2000/svg" xmlns:xlink="http://www.w3.org/1999/xlink" version="1.1" class="icon icon-plus" x="0" y="0" viewBox="0 0 45 45" enable-background="new 0 0 45 45" xml:space="preserve" aria-label="Pluss-symbol">
    <polygon class="fill" points="45 19.6 25.4 19.6 25.4 0 19.6 0 19.6 19.6 0 19.6 0 25.4 19.6 25.4 19.6 45 25.4 45 25.4 25.4 45 25.4 "/>
</svg>

                                    </button>
                                    <div class="cart-quantity position-2" title="Antall i handlekurven">
                                        
                                    </div>
                                </div>
                            </div>
                        
                    

                </div>

        </div>
    </div>



        

    
</div>


    





                        
                    </div>
                
                    <h4 class="child-category-headline">
                        <a class="headline" href="/kategorier/1-brod-og-frokostblandinger/456-fersk-smabakst/">Fersk småbakst</a>
                        <a href="/kategorier/1-brod-og-frokostblandinger/456-fersk-smabakst/" class="btn btn-text-only pull-right">
                            <span class="hidden-xs">Vis alle i Fersk småbakst</span>
                            <span aria-label="Vis alle i Fersk småbakst" class="visible-xs-inline">Vis alle</span>
                            <span class="glyphicon glyphicon glyphicon-menu-right"></span>
                        </a>
                    </h4>

                    <div class="product-category-list ws-xs">
                        
                            
<div class="row">
    

        
            
        

        
        

            


    <div class="col-xs-6 col-sm-3 col-md-2">
        <div class="product-list-item ">

                


                
                


                
                    <a data-app-open-native href="/produkter/30254-brodverket-croissant/" class="modal-link">
                

                    <div>
                        <div class="image-container">
                            
                                <img src="https://bilder.kolonial.no/produkter/e042b421-9fb6-46a2-9c2d-d1489c2e277e.jpg?fill=solid&amp;fill-color=ffffff&amp;fit=fill&amp;h=140&amp;w=140&amp;s=4e8df337df3ddd1efeb50202a318bd5c" alt="Croissant" width="140" height="140" title="Bilde: © Brødverket / Kolonial.no" srcset="https://bilder.kolonial.no/produkter/e042b421-9fb6-46a2-9c2d-d1489c2e277e.jpg?fill=solid&amp;fill-color=ffffff&amp;fit=fill&amp;h=140&amp;w=140&amp;s=4e8df337df3ddd1efeb50202a318bd5c 1x, https://bilder.kolonial.no/produkter/e042b421-9fb6-46a2-9c2d-d1489c2e277e.jpg?fill=solid&amp;fill-color=ffffff&amp;fit=fill&amp;h=280&amp;w=280&amp;s=92e7f5027586b177acb38d3825656bb8 2x" />
                            

                            
                            

                            <div class="product-classifiers">
                                

                                

                                

                                

                                

                                

                                

                                

                                

                                
                                    
                                

                            </div>

                        </div>
                    </div>

                    <p class="price label label-price">
                        kr 59,90
                    </p>

                    
                        <p class="unit-price">
                            kr 166,39 per kg
                        </p>
                    

                    <h3 class="name">
                        <div class="name-main wrap-two-lines">Croissant</div>
                        <div class="name-extra wrap-one-line">
                            

                            4 stk
                        </div>
                    </h3>

                    

                        

                    

                
                    </a>
                

                <div class="buttons">

                    
                        
                            <div class="add-to-cart-group" data-product="30254" >
                                <div class="not-in-cart">
                                    <button type="button"
                                        class=" add-to-cart btn btn-sm btn-primary"
                                        data-action="add-to-cart"
                                        data-product="30254"
                                        data-quantity="1"
                                        data-to-list="cart"
                                        aria-label="Kjøp Croissant 4 stk"
                                        
                                        
                                        data-tr-location="Product Category Parent"
                                        >
                                        Kjøp
                                    </button>
                                </div>
                                <div class="in-cart">
                                    <button type="button"
                                        class=" cart-quantity-change position-1"
                                        data-action="add-to-cart"
                                        data-product="30254"
                                        data-quantity="-1"
                                        data-to-list="cart"
                                        aria-label="Fjern 1 Croissant fra handlekurven"
                                        title="Fjern 1 Croissant fra handlekurven"
                                        
                                        
                                        data-tr-location="Product Category Parent"
                                        >
                                        <svg xmlns="http://www.w3.org/2000/svg" xmlns:xlink="http://www.w3.org/1999/xlink" version="1.1" class="icon icon-minus" y="0" viewBox="0 0 45 45" enable-background="new 0 0 45 45" xml:space="preserve" aria-label="Minus-symbol">
    <rect class="fill" x="0" y="19.6" width="45" height="5.8"/>
</svg>

                                    </button>
                                    <button type="button"
                                        class=" cart-quantity-change position-3"
                                        data-action="add-to-cart"
                                        data-product="30254"
                                        data-quantity="1"
                                        data-to-list="cart"
                                        aria-label="Legg til 1 Croissant i handlekurven"
                                        title="Legg til 1 Croissant i handlekurven"
                                        
                                        
                                        data-tr-location="Product Category Parent"
                                        >
                                        <svg xmlns="http://www.w3.org/2000/svg" xmlns:xlink="http://www.w3.org/1999/xlink" version="1.1" class="icon icon-plus" x="0" y="0" viewBox="0 0 45 45" enable-background="new 0 0 45 45" xml:space="preserve" aria-label="Pluss-symbol">
    <polygon class="fill" points="45 19.6 25.4 19.6 25.4 0 19.6 0 19.6 19.6 0 19.6 0 25.4 19.6 25.4 19.6 45 25.4 45 25.4 25.4 45 25.4 "/>
</svg>

                                    </button>
                                    <div class="cart-quantity position-2" title="Antall i handlekurven">
                                        
                                    </div>
                                </div>
                            </div>
                        
                    

                </div>

        </div>
    </div>



        

    

        
            
        

        
        

            


    <div class="col-xs-6 col-sm-3 col-md-2">
        <div class="product-list-item ">

                


                
                


                
                    <a data-app-open-native href="/produkter/30255-brodverket-croissant/" class="modal-link">
                

                    <div>
                        <div class="image-container">
                            
                                <img src="https://bilder.kolonial.no/produkter/16b123e1-caf1-43a6-b7f9-a2722697385e.jpg?fill=solid&amp;fill-color=ffffff&amp;fit=fill&amp;h=140&amp;w=140&amp;s=4ce404440d362051eaa1fd11b108e6d7" alt="Croissant" width="140" height="140" title="Bilde: © Brødverket / Kolonial.no" srcset="https://bilder.kolonial.no/produkter/16b123e1-caf1-43a6-b7f9-a2722697385e.jpg?fill=solid&amp;fill-color=ffffff&amp;fit=fill&amp;h=140&amp;w=140&amp;s=4ce404440d362051eaa1fd11b108e6d7 1x, https://bilder.kolonial.no/produkter/16b123e1-caf1-43a6-b7f9-a2722697385e.jpg?fill=solid&amp;fill-color=ffffff&amp;fit=fill&amp;h=280&amp;w=280&amp;s=1c349a4f32a8c90fc9d9c3fbeffec1dd 2x" />
                            

                            
                            

                            <div class="product-classifiers">
                                

                                

                                

                                

                                

                                

                                

                                

                                

                                
                                    
                                

                            </div>

                        </div>
                    </div>

                    <p class="price label label-price">
                        kr 39,90
                    </p>

                    
                        <p class="unit-price">
                            kr 221,67 per kg
                        </p>
                    

                    <h3 class="name">
                        <div class="name-main wrap-two-lines">Croissant</div>
                        <div class="name-extra wrap-one-line">
                            

                            2 stk
                        </div>
                    </h3>

                    

                        

                    

                
                    </a>
                

                <div class="buttons">

                    
                        
                            <div class="add-to-cart-group" data-product="30255" >
                                <div class="not-in-cart">
                                    <button type="button"
                                        class=" add-to-cart btn btn-sm btn-primary"
                                        data-action="add-to-cart"
                                        data-product="30255"
                                        data-quantity="1"
                                        data-to-list="cart"
                                        aria-label="Kjøp Croissant 2 stk"
                                        
                                        
                                        data-tr-location="Product Category Parent"
                                        >
                                        Kjøp
                                    </button>
                                </div>
                                <div class="in-cart">
                                    <button type="button"
                                        class=" cart-quantity-change position-1"
                                        data-action="add-to-cart"
                                        data-product="30255"
                                        data-quantity="-1"
                                        data-to-list="cart"
                                        aria-label="Fjern 1 Croissant fra handlekurven"
                                        title="Fjern 1 Croissant fra handlekurven"
                                        
                                        
                                        data-tr-location="Product Category Parent"
                                        >
                                        <svg xmlns="http://www.w3.org/2000/svg" xmlns:xlink="http://www.w3.org/1999/xlink" version="1.1" class="icon icon-minus" y="0" viewBox="0 0 45 45" enable-background="new 0 0 45 45" xml:space="preserve" aria-label="Minus-symbol">
    <rect class="fill" x="0" y="19.6" width="45" height="5.8"/>
</svg>

                                    </button>
                                    <button type="button"
                                        class=" cart-quantity-change position-3"
                                        data-action="add-to-cart"
                                        data-product="30255"
                                        data-quantity="1"
                                        data-to-list="cart"
                                        aria-label="Legg til 1 Croissant i handlekurven"
                                        title="Legg til 1 Croissant i handlekurven"
                                        
                                        
                                        data-tr-location="Product Category Parent"
                                        >
                                        <svg xmlns="http://www.w3.org/2000/svg" xmlns:xlink="http://www.w3.org/1999/xlink" version="1.1" class="icon icon-plus" x="0" y="0" viewBox="0 0 45 45" enable-background="new 0 0 45 45" xml:space="preserve" aria-label="Pluss-symbol">
    <polygon class="fill" points="45 19.6 25.4 19.6 25.4 0 19.6 0 19.6 19.6 0 19.6 0 25.4 19.6 25.4 19.6 45 25.4 45 25.4 25.4 45 25.4 "/>
</svg>

                                    </button>
                                    <div class="cart-quantity position-2" title="Antall i handlekurven">
                                        
                                    </div>
                                </div>
                            </div>
                        
                    

                </div>

        </div>
    </div>



        

    

        
            
        

        
        

            


    <div class="col-xs-6 col-sm-3 col-md-2">
        <div class="product-list-item ">

                


                
                


                
                    <a data-app-open-native href="/produkter/30650-brodverket-ferske-hveteboller/" class="modal-link">
                

                    <div>
                        <div class="image-container">
                            
                                <img src="https://bilder.kolonial.no/produkter/f071d751-8143-423b-b710-c703a91a1436.jpg?fill=solid&amp;fill-color=ffffff&amp;fit=fill&amp;h=140&amp;w=140&amp;s=f8cf27966714fba642d776e8fccab7ed" alt="Ferske Hveteboller" width="140" height="140" title="Bilde: © Brødverket / Kolonial.no" srcset="https://bilder.kolonial.no/produkter/f071d751-8143-423b-b710-c703a91a1436.jpg?fill=solid&amp;fill-color=ffffff&amp;fit=fill&amp;h=140&amp;w=140&amp;s=f8cf27966714fba642d776e8fccab7ed 1x, https://bilder.kolonial.no/produkter/f071d751-8143-423b-b710-c703a91a1436.jpg?fill=solid&amp;fill-color=ffffff&amp;fit=fill&amp;h=280&amp;w=280&amp;s=b17892ba47bb6644368f167327899a6d 2x" />
                            

                            
                            

                            <div class="product-classifiers">
                                

                                

                                

                                

                                

                                

                                

                                

                                

                                
                                    
                                

                            </div>

                        </div>
                    </div>

                    <p class="price label label-price">
                        kr 59,90
                    </p>

                    
                        <p class="unit-price">
                            kr 110,93 per kg
                        </p>
                    

                    <h3 class="name">
                        <div class="name-main wrap-two-lines">Ferske Hveteboller</div>
                        <div class="name-extra wrap-one-line">
                            

                            4 stk
                        </div>
                    </h3>

                    

                        

                    

                
                    </a>
                

                <div class="buttons">

                    
                        
                            <div class="add-to-cart-group" data-product="30650" >
                                <div class="not-in-cart">
                                    <button type="button"
                                        class=" add-to-cart btn btn-sm btn-primary"
                                        data-action="add-to-cart"
                                        data-product="30650"
                                        data-quantity="1"
                                        data-to-list="cart"
                                        aria-label="Kjøp Ferske Hveteboller 4 stk"
                                        
                                        
                                        data-tr-location="Product Category Parent"
                                        >
                                        Kjøp
                                    </button>
                                </div>
                                <div class="in-cart">
                                    <button type="button"
                                        class=" cart-quantity-change position-1"
                                        data-action="add-to-cart"
                                        data-product="30650"
                                        data-quantity="-1"
                                        data-to-list="cart"
                                        aria-label="Fjern 1 Ferske Hveteboller fra handlekurven"
                                        title="Fjern 1 Ferske Hveteboller fra handlekurven"
                                        
                                        
                                        data-tr-location="Product Category Parent"
                                        >
                                        <svg xmlns="http://www.w3.org/2000/svg" xmlns:xlink="http://www.w3.org/1999/xlink" version="1.1" class="icon icon-minus" y="0" viewBox="0 0 45 45" enable-background="new 0 0 45 45" xml:space="preserve" aria-label="Minus-symbol">
    <rect class="fill" x="0" y="19.6" width="45" height="5.8"/>
</svg>

                                    </button>
                                    <button type="button"
                                        class=" cart-quantity-change position-3"
                                        data-action="add-to-cart"
                                        data-product="30650"
                                        data-quantity="1"
                                        data-to-list="cart"
                                        aria-label="Legg til 1 Ferske Hveteboller i handlekurven"
                                        title="Legg til 1 Ferske Hveteboller i handlekurven"
                                        
                                        
                                        data-tr-location="Product Category Parent"
                                        >
                                        <svg xmlns="http://www.w3.org/2000/svg" xmlns:xlink="http://www.w3.org/1999/xlink" version="1.1" class="icon icon-plus" x="0" y="0" viewBox="0 0 45 45" enable-background="new 0 0 45 45" xml:space="preserve" aria-label="Pluss-symbol">
    <polygon class="fill" points="45 19.6 25.4 19.6 25.4 0 19.6 0 19.6 19.6 0 19.6 0 25.4 19.6 25.4 19.6 45 25.4 45 25.4 25.4 45 25.4 "/>
</svg>

                                    </button>
                                    <div class="cart-quantity position-2" title="Antall i handlekurven">
                                        
                                    </div>
                                </div>
                            </div>
                        
                    

                </div>

        </div>
    </div>



        

    

        
            
        

        
        

            


    <div class="col-xs-6 col-sm-3 col-md-2">
        <div class="product-list-item ">

                


                
                


                
                    <a data-app-open-native href="/produkter/29401-brodverket-ferske-kanelsnurrer/" class="modal-link">
                

                    <div>
                        <div class="image-container">
                            
                                <img src="https://bilder.kolonial.no/produkter/8359175d-55ec-45e5-ac99-e92e06933900.jpg?fill=solid&amp;fill-color=ffffff&amp;fit=fill&amp;h=140&amp;w=140&amp;s=0a5e92925b5e2ec831e08fb06f94186b" alt="Ferske Kanelsnurrer" width="140" height="140" title="Bilde: © Brødverket / Kolonial.no" srcset="https://bilder.kolonial.no/produkter/8359175d-55ec-45e5-ac99-e92e06933900.jpg?fill=solid&amp;fill-color=ffffff&amp;fit=fill&amp;h=140&amp;w=140&amp;s=0a5e92925b5e2ec831e08fb06f94186b 1x, https://bilder.kolonial.no/produkter/8359175d-55ec-45e5-ac99-e92e06933900.jpg?fill=solid&amp;fill-color=ffffff&amp;fit=fill&amp;h=280&amp;w=280&amp;s=e74316dc1de98c64469455db3c247cd5 2x" />
                            

                            
                            

                            <div class="product-classifiers">
                                

                                

                                

                                

                                

                                

                                

                                

                                

                                
                                    
                                

                            </div>

                        </div>
                    </div>

                    <p class="price label label-price">
                        kr 49,90
                    </p>

                    
                        <p class="unit-price">
                            kr 172,07 per kg
                        </p>
                    

                    <h3 class="name">
                        <div class="name-main wrap-two-lines">Ferske Kanelsnurrer</div>
                        <div class="name-extra wrap-one-line">
                            

                            2 stk
                        </div>
                    </h3>

                    

                        

                    

                
                    </a>
                

                <div class="buttons">

                    
                        
                            <div class="add-to-cart-group" data-product="29401" >
                                <div class="not-in-cart">
                                    <button type="button"
                                        class=" add-to-cart btn btn-sm btn-primary"
                                        data-action="add-to-cart"
                                        data-product="29401"
                                        data-quantity="1"
                                        data-to-list="cart"
                                        aria-label="Kjøp Ferske Kanelsnurrer 2 stk"
                                        
                                        
                                        data-tr-location="Product Category Parent"
                                        >
                                        Kjøp
                                    </button>
                                </div>
                                <div class="in-cart">
                                    <button type="button"
                                        class=" cart-quantity-change position-1"
                                        data-action="add-to-cart"
                                        data-product="29401"
                                        data-quantity="-1"
                                        data-to-list="cart"
                                        aria-label="Fjern 1 Ferske Kanelsnurrer fra handlekurven"
                                        title="Fjern 1 Ferske Kanelsnurrer fra handlekurven"
                                        
                                        
                                        data-tr-location="Product Category Parent"
                                        >
                                        <svg xmlns="http://www.w3.org/2000/svg" xmlns:xlink="http://www.w3.org/1999/xlink" version="1.1" class="icon icon-minus" y="0" viewBox="0 0 45 45" enable-background="new 0 0 45 45" xml:space="preserve" aria-label="Minus-symbol">
    <rect class="fill" x="0" y="19.6" width="45" height="5.8"/>
</svg>

                                    </button>
                                    <button type="button"
                                        class=" cart-quantity-change position-3"
                                        data-action="add-to-cart"
                                        data-product="29401"
                                        data-quantity="1"
                                        data-to-list="cart"
                                        aria-label="Legg til 1 Ferske Kanelsnurrer i handlekurven"
                                        title="Legg til 1 Ferske Kanelsnurrer i handlekurven"
                                        
                                        
                                        data-tr-location="Product Category Parent"
                                        >
                                        <svg xmlns="http://www.w3.org/2000/svg" xmlns:xlink="http://www.w3.org/1999/xlink" version="1.1" class="icon icon-plus" x="0" y="0" viewBox="0 0 45 45" enable-background="new 0 0 45 45" xml:space="preserve" aria-label="Pluss-symbol">
    <polygon class="fill" points="45 19.6 25.4 19.6 25.4 0 19.6 0 19.6 19.6 0 19.6 0 25.4 19.6 25.4 19.6 45 25.4 45 25.4 25.4 45 25.4 "/>
</svg>

                                    </button>
                                    <div class="cart-quantity position-2" title="Antall i handlekurven">
                                        
                                    </div>
                                </div>
                            </div>
                        
                    

                </div>

        </div>
    </div>



        

    

        
            
        

        
        

            


    <div class="col-xs-6 col-sm-3 col-md-2">
        <div class="product-list-item ">

                


                
                


                
                    <a data-app-open-native href="/produkter/29521-brodverket-ferske-kanelsnurrer/" class="modal-link">
                

                    <div>
                        <div class="image-container">
                            
                                <img src="https://bilder.kolonial.no/produkter/8b92cf5b-1bd2-48d9-b239-25e7bd8e87ea.jpg?fill=solid&amp;fill-color=ffffff&amp;fit=fill&amp;h=140&amp;w=140&amp;s=da49e9ec06b2746790e6450fc529a969" alt="Ferske Kanelsnurrer" width="140" height="140" title="Bilde: © Brødverket / Kolonial.no" srcset="https://bilder.kolonial.no/produkter/8b92cf5b-1bd2-48d9-b239-25e7bd8e87ea.jpg?fill=solid&amp;fill-color=ffffff&amp;fit=fill&amp;h=140&amp;w=140&amp;s=da49e9ec06b2746790e6450fc529a969 1x, https://bilder.kolonial.no/produkter/8b92cf5b-1bd2-48d9-b239-25e7bd8e87ea.jpg?fill=solid&amp;fill-color=ffffff&amp;fit=fill&amp;h=280&amp;w=280&amp;s=d2b4c271eb1fb521f018f434c8b4c27a 2x" />
                            

                            
                            

                            <div class="product-classifiers">
                                

                                

                                

                                

                                

                                

                                

                                

                                

                                
                                    
                                

                            </div>

                        </div>
                    </div>

                    <p class="price label label-price">
                        kr 69,90
                    </p>

                    
                        <p class="unit-price">
                            kr 120,52 per kg
                        </p>
                    

                    <h3 class="name">
                        <div class="name-main wrap-two-lines">Ferske Kanelsnurrer</div>
                        <div class="name-extra wrap-one-line">
                            

                            4 stk
                        </div>
                    </h3>

                    

                        

                    

                
                    </a>
                

                <div class="buttons">

                    
                        
                            <div class="add-to-cart-group" data-product="29521" >
                                <div class="not-in-cart">
                                    <button type="button"
                                        class=" add-to-cart btn btn-sm btn-primary"
                                        data-action="add-to-cart"
                                        data-product="29521"
                                        data-quantity="1"
                                        data-to-list="cart"
                                        aria-label="Kjøp Ferske Kanelsnurrer 4 stk"
                                        
                                        
                                        data-tr-location="Product Category Parent"
                                        >
                                        Kjøp
                                    </button>
                                </div>
                                <div class="in-cart">
                                    <button type="button"
                                        class=" cart-quantity-change position-1"
                                        data-action="add-to-cart"
                                        data-product="29521"
                                        data-quantity="-1"
                                        data-to-list="cart"
                                        aria-label="Fjern 1 Ferske Kanelsnurrer fra handlekurven"
                                        title="Fjern 1 Ferske Kanelsnurrer fra handlekurven"
                                        
                                        
                                        data-tr-location="Product Category Parent"
                                        >
                                        <svg xmlns="http://www.w3.org/2000/svg" xmlns:xlink="http://www.w3.org/1999/xlink" version="1.1" class="icon icon-minus" y="0" viewBox="0 0 45 45" enable-background="new 0 0 45 45" xml:space="preserve" aria-label="Minus-symbol">
    <rect class="fill" x="0" y="19.6" width="45" height="5.8"/>
</svg>

                                    </button>
                                    <button type="button"
                                        class=" cart-quantity-change position-3"
                                        data-action="add-to-cart"
                                        data-product="29521"
                                        data-quantity="1"
                                        data-to-list="cart"
                                        aria-label="Legg til 1 Ferske Kanelsnurrer i handlekurven"
                                        title="Legg til 1 Ferske Kanelsnurrer i handlekurven"
                                        
                                        
                                        data-tr-location="Product Category Parent"
                                        >
                                        <svg xmlns="http://www.w3.org/2000/svg" xmlns:xlink="http://www.w3.org/1999/xlink" version="1.1" class="icon icon-plus" x="0" y="0" viewBox="0 0 45 45" enable-background="new 0 0 45 45" xml:space="preserve" aria-label="Pluss-symbol">
    <polygon class="fill" points="45 19.6 25.4 19.6 25.4 0 19.6 0 19.6 19.6 0 19.6 0 25.4 19.6 25.4 19.6 45 25.4 45 25.4 25.4 45 25.4 "/>
</svg>

                                    </button>
                                    <div class="cart-quantity position-2" title="Antall i handlekurven">
                                        
                                    </div>
                                </div>
                            </div>
                        
                    

                </div>

        </div>
    </div>



        

    

        
            
        

        
        

            


    <div class="col-xs-6 col-sm-3 col-md-2">
        <div class="product-list-item ">

                


                
                


                
                    <a data-app-open-native href="/produkter/29336-brodverket-ferske-boller-med-sjokolade/" class="modal-link">
                

                    <div>
                        <div class="image-container">
                            
                                <img src="https://bilder.kolonial.no/produkter/ed163f03-39e7-4d82-8bf0-c8485587cf8f.jpg?fill=solid&amp;fill-color=ffffff&amp;fit=fill&amp;h=140&amp;w=140&amp;s=f4e87820907fbf537119a264b03cf0da" alt="Ferske Boller med Sjokolade" width="140" height="140" title="Bilde: © Brødverket / Kolonial.no" srcset="https://bilder.kolonial.no/produkter/ed163f03-39e7-4d82-8bf0-c8485587cf8f.jpg?fill=solid&amp;fill-color=ffffff&amp;fit=fill&amp;h=140&amp;w=140&amp;s=f4e87820907fbf537119a264b03cf0da 1x, https://bilder.kolonial.no/produkter/ed163f03-39e7-4d82-8bf0-c8485587cf8f.jpg?fill=solid&amp;fill-color=ffffff&amp;fit=fill&amp;h=280&amp;w=280&amp;s=9ec99ecfd81c0448f478d11232c4c54b 2x" />
                            

                            
                            

                            <div class="product-classifiers">
                                

                                

                                

                                

                                

                                

                                

                                

                                

                                
                                    
                                

                            </div>

                        </div>
                    </div>

                    <p class="price label label-price">
                        kr 59,90
                    </p>

                    
                        <p class="unit-price">
                            kr 110,93 per kg
                        </p>
                    

                    <h3 class="name">
                        <div class="name-main wrap-two-lines">Ferske Boller med Sjokolade</div>
                        <div class="name-extra wrap-one-line">
                            

                            4 stk
                        </div>
                    </h3>

                    

                        

                    

                
                    </a>
                

                <div class="buttons">

                    
                        
                            <div class="add-to-cart-group" data-product="29336" >
                                <div class="not-in-cart">
                                    <button type="button"
                                        class=" add-to-cart btn btn-sm btn-primary"
                                        data-action="add-to-cart"
                                        data-product="29336"
                                        data-quantity="1"
                                        data-to-list="cart"
                                        aria-label="Kjøp Ferske Boller med Sjokolade 4 stk"
                                        
                                        
                                        data-tr-location="Product Category Parent"
                                        >
                                        Kjøp
                                    </button>
                                </div>
                                <div class="in-cart">
                                    <button type="button"
                                        class=" cart-quantity-change position-1"
                                        data-action="add-to-cart"
                                        data-product="29336"
                                        data-quantity="-1"
                                        data-to-list="cart"
                                        aria-label="Fjern 1 Ferske Boller med Sjokolade fra handlekurven"
                                        title="Fjern 1 Ferske Boller med Sjokolade fra handlekurven"
                                        
                                        
                                        data-tr-location="Product Category Parent"
                                        >
                                        <svg xmlns="http://www.w3.org/2000/svg" xmlns:xlink="http://www.w3.org/1999/xlink" version="1.1" class="icon icon-minus" y="0" viewBox="0 0 45 45" enable-background="new 0 0 45 45" xml:space="preserve" aria-label="Minus-symbol">
    <rect class="fill" x="0" y="19.6" width="45" height="5.8"/>
</svg>

                                    </button>
                                    <button type="button"
                                        class=" cart-quantity-change position-3"
                                        data-action="add-to-cart"
                                        data-product="29336"
                                        data-quantity="1"
                                        data-to-list="cart"
                                        aria-label="Legg til 1 Ferske Boller med Sjokolade i handlekurven"
                                        title="Legg til 1 Ferske Boller med Sjokolade i handlekurven"
                                        
                                        
                                        data-tr-location="Product Category Parent"
                                        >
                                        <svg xmlns="http://www.w3.org/2000/svg" xmlns:xlink="http://www.w3.org/1999/xlink" version="1.1" class="icon icon-plus" x="0" y="0" viewBox="0 0 45 45" enable-background="new 0 0 45 45" xml:space="preserve" aria-label="Pluss-symbol">
    <polygon class="fill" points="45 19.6 25.4 19.6 25.4 0 19.6 0 19.6 19.6 0 19.6 0 25.4 19.6 25.4 19.6 45 25.4 45 25.4 25.4 45 25.4 "/>
</svg>

                                    </button>
                                    <div class="cart-quantity position-2" title="Antall i handlekurven">
                                        
                                    </div>
                                </div>
                            </div>
                        
                    

                </div>

        </div>
    </div>



        

    
</div>


    





                        
                    </div>
                
                    <h4 class="child-category-headline">
                        <a class="headline" href="/kategorier/1-brod-og-frokostblandinger/393-langtidsholdbare-brod/">Langtidsholdbare brød</a>
                        <a href="/kategorier/1-brod-og-frokostblandinger/393-langtidsholdbare-brod/" class="btn btn-text-only pull-right">
                            <span class="hidden-xs">Vis alle i Langtidsholdbare brød</span>
                            <span aria-label="Vis alle i Langtidsholdbare brød" class="visible-xs-inline">Vis alle</span>
                            <span class="glyphicon glyphicon glyphicon-menu-right"></span>
                        </a>
                    </h4>

                    <div class="product-category-list ws-xs">
                        
                            
<div class="row">
    

        
            
        

        
        

            


    <div class="col-xs-6 col-sm-3 col-md-2">
        <div class="product-list-item ">

                


                
                


                
                    <a data-app-open-native href="/produkter/13375-rema-1000-rundstykker-grove-6x50g/" class="modal-link">
                

                    <div>
                        <div class="image-container">
                            
                                <img src="https://bilder.kolonial.no/produkter/8fae3b03-e3a2-4a42-8fe1-832d12212b29.jpeg?fill=solid&amp;fill-color=ffffff&amp;fit=fill&amp;h=140&amp;w=140&amp;s=f201bb77f52197ec601fd9cd6912171f" alt="Rundstykker Grove" width="140" height="140" title="Bilde: © REMA 1000 / Kolonial.no" srcset="https://bilder.kolonial.no/produkter/8fae3b03-e3a2-4a42-8fe1-832d12212b29.jpeg?fill=solid&amp;fill-color=ffffff&amp;fit=fill&amp;h=140&amp;w=140&amp;s=f201bb77f52197ec601fd9cd6912171f 1x, https://bilder.kolonial.no/produkter/8fae3b03-e3a2-4a42-8fe1-832d12212b29.jpeg?fill=solid&amp;fill-color=ffffff&amp;fit=fill&amp;h=280&amp;w=280&amp;s=1c667491fbff63db045bcecb2f81a293 2x" />
                            

                            
                            

                            <div class="product-classifiers">
                                

                                

                                
                                    <div class="keyhole" title="Produktet er merket med Nøkkelhullet">
                                        <p class="sr-only">
                                            Nøkkelhullet
                                        </p>
                                    </div>
                                

                                

                                

                                

                                

                                
                                    <div class="bread-scale-3" title="Produktet er Grovt på Grovhetsskalaen">
                                        <p class="sr-only">
                                            Grovt
                                        </p>
                                    </div>
                                

                                

                                
                                    
                                

                            </div>

                        </div>
                    </div>

                    <p class="price label label-price">
                        kr 12,30
                    </p>

                    
                        <p class="unit-price">
                            kr 41,00 per kg
                        </p>
                    

                    <h3 class="name">
                        <div class="name-main wrap-two-lines">Rundstykker Grove</div>
                        <div class="name-extra wrap-one-line">
                            

                            6x50g, 300 g
                        </div>
                    </h3>

                    

                        

                    

                
                    </a>
                

                <div class="buttons">

                    
                        
                            <div class="add-to-cart-group" data-product="13375" >
                                <div class="not-in-cart">
                                    <button type="button"
                                        class=" add-to-cart btn btn-sm btn-primary"
                                        data-action="add-to-cart"
                                        data-product="13375"
                                        data-quantity="1"
                                        data-to-list="cart"
                                        aria-label="Kjøp Rundstykker Grove 6x50g, 300 g"
                                        
                                        
                                        data-tr-location="Product Category Parent"
                                        >
                                        Kjøp
                                    </button>
                                </div>
                                <div class="in-cart">
                                    <button type="button"
                                        class=" cart-quantity-change position-1"
                                        data-action="add-to-cart"
                                        data-product="13375"
                                        data-quantity="-1"
                                        data-to-list="cart"
                                        aria-label="Fjern 1 Rundstykker Grove fra handlekurven"
                                        title="Fjern 1 Rundstykker Grove fra handlekurven"
                                        
                                        
                                        data-tr-location="Product Category Parent"
                                        >
                                        <svg xmlns="http://www.w3.org/2000/svg" xmlns:xlink="http://www.w3.org/1999/xlink" version="1.1" class="icon icon-minus" y="0" viewBox="0 0 45 45" enable-background="new 0 0 45 45" xml:space="preserve" aria-label="Minus-symbol">
    <rect class="fill" x="0" y="19.6" width="45" height="5.8"/>
</svg>

                                    </button>
                                    <button type="button"
                                        class=" cart-quantity-change position-3"
                                        data-action="add-to-cart"
                                        data-product="13375"
                                        data-quantity="1"
                                        data-to-list="cart"
                                        aria-label="Legg til 1 Rundstykker Grove i handlekurven"
                                        title="Legg til 1 Rundstykker Grove i handlekurven"
                                        
                                        
                                        data-tr-location="Product Category Parent"
                                        >
                                        <svg xmlns="http://www.w3.org/2000/svg" xmlns:xlink="http://www.w3.org/1999/xlink" version="1.1" class="icon icon-plus" x="0" y="0" viewBox="0 0 45 45" enable-background="new 0 0 45 45" xml:space="preserve" aria-label="Pluss-symbol">
    <polygon class="fill" points="45 19.6 25.4 19.6 25.4 0 19.6 0 19.6 19.6 0 19.6 0 25.4 19.6 25.4 19.6 45 25.4 45 25.4 25.4 45 25.4 "/>
</svg>

                                    </button>
                                    <div class="cart-quantity position-2" title="Antall i handlekurven">
                                        
                                    </div>
                                </div>
                            </div>
                        
                    

                </div>

        </div>
    </div>



        

    

        
            
        

        
        

            


    <div class="col-xs-6 col-sm-3 col-md-2">
        <div class="product-list-item ">

                


                
                


                
                    <a data-app-open-native href="/produkter/2503-fria-grova-glutenfri/" class="modal-link">
                

                    <div>
                        <div class="image-container">
                            
                                <img src="https://bilder.kolonial.no/produkter/28d90a54-6800-4dd7-9cea-7ebf8c8d19f0.jpeg?fill=solid&amp;fill-color=ffffff&amp;fit=fill&amp;h=140&amp;w=140&amp;s=fc6d62cc8ba8f3cc4b613d94a5a1a531" alt="Grova" width="140" height="140" title="Bilde: © Fria / Kolonial.no" srcset="https://bilder.kolonial.no/produkter/28d90a54-6800-4dd7-9cea-7ebf8c8d19f0.jpeg?fill=solid&amp;fill-color=ffffff&amp;fit=fill&amp;h=140&amp;w=140&amp;s=fc6d62cc8ba8f3cc4b613d94a5a1a531 1x, https://bilder.kolonial.no/produkter/28d90a54-6800-4dd7-9cea-7ebf8c8d19f0.jpeg?fill=solid&amp;fill-color=ffffff&amp;fit=fill&amp;h=280&amp;w=280&amp;s=5faccaa2235ce2629b441b0d28c50e6c 2x" />
                            

                            
                            

                            <div class="product-classifiers">
                                

                                

                                

                                

                                

                                

                                

                                

                                
                                    <div class="frozen" title="Produktet er en frysevare">
                                        <p class="sr-only">
                                            Frysevare
                                        </p>
                                    </div>
                                

                                
                                    
                                

                            </div>

                        </div>
                    </div>

                    <p class="price label label-price">
                        kr 63,60
                    </p>

                    
                        <p class="unit-price">
                            kr 127,20 per kg
                        </p>
                    

                    <h3 class="name">
                        <div class="name-main wrap-two-lines">Grova</div>
                        <div class="name-extra wrap-one-line">
                            

                            Glutenfri, 500 g
                        </div>
                    </h3>

                    

                        

                    

                
                    </a>
                

                <div class="buttons">

                    
                        
                            <div class="add-to-cart-group" data-product="2503" >
                                <div class="not-in-cart">
                                    <button type="button"
                                        class=" add-to-cart btn btn-sm btn-primary"
                                        data-action="add-to-cart"
                                        data-product="2503"
                                        data-quantity="1"
                                        data-to-list="cart"
                                        aria-label="Kjøp Grova Glutenfri, 500 g"
                                        
                                        
                                        data-tr-location="Product Category Parent"
                                        >
                                        Kjøp
                                    </button>
                                </div>
                                <div class="in-cart">
                                    <button type="button"
                                        class=" cart-quantity-change position-1"
                                        data-action="add-to-cart"
                                        data-product="2503"
                                        data-quantity="-1"
                                        data-to-list="cart"
                                        aria-label="Fjern 1 Grova fra handlekurven"
                                        title="Fjern 1 Grova fra handlekurven"
                                        
                                        
                                        data-tr-location="Product Category Parent"
                                        >
                                        <svg xmlns="http://www.w3.org/2000/svg" xmlns:xlink="http://www.w3.org/1999/xlink" version="1.1" class="icon icon-minus" y="0" viewBox="0 0 45 45" enable-background="new 0 0 45 45" xml:space="preserve" aria-label="Minus-symbol">
    <rect class="fill" x="0" y="19.6" width="45" height="5.8"/>
</svg>

                                    </button>
                                    <button type="button"
                                        class=" cart-quantity-change position-3"
                                        data-action="add-to-cart"
                                        data-product="2503"
                                        data-quantity="1"
                                        data-to-list="cart"
                                        aria-label="Legg til 1 Grova i handlekurven"
                                        title="Legg til 1 Grova i handlekurven"
                                        
                                        
                                        data-tr-location="Product Category Parent"
                                        >
                                        <svg xmlns="http://www.w3.org/2000/svg" xmlns:xlink="http://www.w3.org/1999/xlink" version="1.1" class="icon icon-plus" x="0" y="0" viewBox="0 0 45 45" enable-background="new 0 0 45 45" xml:space="preserve" aria-label="Pluss-symbol">
    <polygon class="fill" points="45 19.6 25.4 19.6 25.4 0 19.6 0 19.6 19.6 0 19.6 0 25.4 19.6 25.4 19.6 45 25.4 45 25.4 25.4 45 25.4 "/>
</svg>

                                    </button>
                                    <div class="cart-quantity position-2" title="Antall i handlekurven">
                                        
                                    </div>
                                </div>
                            </div>
                        
                    

                </div>

        </div>
    </div>



        

    

        
            
        

        
        

            


    <div class="col-xs-6 col-sm-3 col-md-2">
        <div class="product-list-item ">

                


                
                


                
                    <a data-app-open-native href="/produkter/3313-pagen-kjernegodt/" class="modal-link">
                

                    <div>
                        <div class="image-container">
                            
                                <img src="https://bilder.kolonial.no/produkter/0f1c520d-7c09-46aa-abb9-402739deb0f2.jpeg?fill=solid&amp;fill-color=ffffff&amp;fit=fill&amp;h=140&amp;w=140&amp;s=a55e934b61b80102425ad10c610a76b2" alt="KjerneGodt" width="140" height="140" title="Bilde: © Pågen / Kolonial.no" srcset="https://bilder.kolonial.no/produkter/0f1c520d-7c09-46aa-abb9-402739deb0f2.jpeg?fill=solid&amp;fill-color=ffffff&amp;fit=fill&amp;h=140&amp;w=140&amp;s=a55e934b61b80102425ad10c610a76b2 1x, https://bilder.kolonial.no/produkter/0f1c520d-7c09-46aa-abb9-402739deb0f2.jpeg?fill=solid&amp;fill-color=ffffff&amp;fit=fill&amp;h=280&amp;w=280&amp;s=29be224c2e733eb543aed83885cf4e08 2x" />
                            

                            
                            

                            <div class="product-classifiers">
                                

                                

                                
                                    <div class="keyhole" title="Produktet er merket med Nøkkelhullet">
                                        <p class="sr-only">
                                            Nøkkelhullet
                                        </p>
                                    </div>
                                

                                

                                

                                

                                

                                
                                    <div class="bread-scale-3" title="Produktet er Grovt på Grovhetsskalaen">
                                        <p class="sr-only">
                                            Grovt
                                        </p>
                                    </div>
                                

                                
                                    <div class="frozen" title="Produktet er en frysevare">
                                        <p class="sr-only">
                                            Frysevare
                                        </p>
                                    </div>
                                

                                
                                    
                                

                            </div>

                        </div>
                    </div>

                    <p class="price label label-price">
                        kr 35,80
                    </p>

                    
                        <p class="unit-price">
                            kr 51,14 per kg
                        </p>
                    

                    <h3 class="name">
                        <div class="name-main wrap-two-lines">KjerneGodt</div>
                        <div class="name-extra wrap-one-line">
                            

                            700 g
                        </div>
                    </h3>

                    

                        

                    

                
                    </a>
                

                <div class="buttons">

                    
                        
                            <div class="add-to-cart-group" data-product="3313" >
                                <div class="not-in-cart">
                                    <button type="button"
                                        class=" add-to-cart btn btn-sm btn-primary"
                                        data-action="add-to-cart"
                                        data-product="3313"
                                        data-quantity="1"
                                        data-to-list="cart"
                                        aria-label="Kjøp KjerneGodt 700 g"
                                        
                                        
                                        data-tr-location="Product Category Parent"
                                        >
                                        Kjøp
                                    </button>
                                </div>
                                <div class="in-cart">
                                    <button type="button"
                                        class=" cart-quantity-change position-1"
                                        data-action="add-to-cart"
                                        data-product="3313"
                                        data-quantity="-1"
                                        data-to-list="cart"
                                        aria-label="Fjern 1 KjerneGodt fra handlekurven"
                                        title="Fjern 1 KjerneGodt fra handlekurven"
                                        
                                        
                                        data-tr-location="Product Category Parent"
                                        >
                                        <svg xmlns="http://www.w3.org/2000/svg" xmlns:xlink="http://www.w3.org/1999/xlink" version="1.1" class="icon icon-minus" y="0" viewBox="0 0 45 45" enable-background="new 0 0 45 45" xml:space="preserve" aria-label="Minus-symbol">
    <rect class="fill" x="0" y="19.6" width="45" height="5.8"/>
</svg>

                                    </button>
                                    <button type="button"
                                        class=" cart-quantity-change position-3"
                                        data-action="add-to-cart"
                                        data-product="3313"
                                        data-quantity="1"
                                        data-to-list="cart"
                                        aria-label="Legg til 1 KjerneGodt i handlekurven"
                                        title="Legg til 1 KjerneGodt i handlekurven"
                                        
                                        
                                        data-tr-location="Product Category Parent"
                                        >
                                        <svg xmlns="http://www.w3.org/2000/svg" xmlns:xlink="http://www.w3.org/1999/xlink" version="1.1" class="icon icon-plus" x="0" y="0" viewBox="0 0 45 45" enable-background="new 0 0 45 45" xml:space="preserve" aria-label="Pluss-symbol">
    <polygon class="fill" points="45 19.6 25.4 19.6 25.4 0 19.6 0 19.6 19.6 0 19.6 0 25.4 19.6 25.4 19.6 45 25.4 45 25.4 25.4 45 25.4 "/>
</svg>

                                    </button>
                                    <div class="cart-quantity position-2" title="Antall i handlekurven">
                                        
                                    </div>
                                </div>
                            </div>
                        
                    

                </div>

        </div>
    </div>



        

    

        
            
        

        
        

            


    <div class="col-xs-6 col-sm-3 col-md-2">
        <div class="product-list-item ">

                


                
                


                
                    <a data-app-open-native href="/produkter/3316-pagen-rasker/" class="modal-link">
                

                    <div>
                        <div class="image-container">
                            
                                <img src="https://bilder.kolonial.no/produkter/17e9cb76-7018-49f8-a2b8-7e5a1c8a462d.jpeg?fill=solid&amp;fill-color=ffffff&amp;fit=fill&amp;h=140&amp;w=140&amp;s=52f9440e8d87b4b363d132948bcccbda" alt="Rasker" width="140" height="140" title="Bilde: © Pågen / Kolonial.no" srcset="https://bilder.kolonial.no/produkter/17e9cb76-7018-49f8-a2b8-7e5a1c8a462d.jpeg?fill=solid&amp;fill-color=ffffff&amp;fit=fill&amp;h=140&amp;w=140&amp;s=52f9440e8d87b4b363d132948bcccbda 1x, https://bilder.kolonial.no/produkter/17e9cb76-7018-49f8-a2b8-7e5a1c8a462d.jpeg?fill=solid&amp;fill-color=ffffff&amp;fit=fill&amp;h=280&amp;w=280&amp;s=9d90e85754ceadc70cb7bb919e7bdc2f 2x" />
                            

                            
                            

                            <div class="product-classifiers">
                                

                                

                                
                                    <div class="keyhole" title="Produktet er merket med Nøkkelhullet">
                                        <p class="sr-only">
                                            Nøkkelhullet
                                        </p>
                                    </div>
                                

                                

                                

                                

                                

                                
                                    <div class="bread-scale-2" title="Produktet er Halvgrovt på Grovhetsskalaen">
                                        <p class="sr-only">
                                            Halvgrovt
                                        </p>
                                    </div>
                                

                                
                                    <div class="frozen" title="Produktet er en frysevare">
                                        <p class="sr-only">
                                            Frysevare
                                        </p>
                                    </div>
                                

                                
                                    
                                

                            </div>

                        </div>
                    </div>

                    <p class="price label label-price">
                        kr 49,30
                    </p>

                    
                        <p class="unit-price">
                            kr 44,82 per kg
                        </p>
                    

                    <h3 class="name">
                        <div class="name-main wrap-two-lines">Rasker</div>
                        <div class="name-extra wrap-one-line">
                            

                            1100 g
                        </div>
                    </h3>

                    

                        

                    

                
                    </a>
                

                <div class="buttons">

                    
                        
                            <div class="add-to-cart-group" data-product="3316" >
                                <div class="not-in-cart">
                                    <button type="button"
                                        class=" add-to-cart btn btn-sm btn-primary"
                                        data-action="add-to-cart"
                                        data-product="3316"
                                        data-quantity="1"
                                        data-to-list="cart"
                                        aria-label="Kjøp Rasker 1100 g"
                                        
                                        
                                        data-tr-location="Product Category Parent"
                                        >
                                        Kjøp
                                    </button>
                                </div>
                                <div class="in-cart">
                                    <button type="button"
                                        class=" cart-quantity-change position-1"
                                        data-action="add-to-cart"
                                        data-product="3316"
                                        data-quantity="-1"
                                        data-to-list="cart"
                                        aria-label="Fjern 1 Rasker fra handlekurven"
                                        title="Fjern 1 Rasker fra handlekurven"
                                        
                                        
                                        data-tr-location="Product Category Parent"
                                        >
                                        <svg xmlns="http://www.w3.org/2000/svg" xmlns:xlink="http://www.w3.org/1999/xlink" version="1.1" class="icon icon-minus" y="0" viewBox="0 0 45 45" enable-background="new 0 0 45 45" xml:space="preserve" aria-label="Minus-symbol">
    <rect class="fill" x="0" y="19.6" width="45" height="5.8"/>
</svg>

                                    </button>
                                    <button type="button"
                                        class=" cart-quantity-change position-3"
                                        data-action="add-to-cart"
                                        data-product="3316"
                                        data-quantity="1"
                                        data-to-list="cart"
                                        aria-label="Legg til 1 Rasker i handlekurven"
                                        title="Legg til 1 Rasker i handlekurven"
                                        
                                        
                                        data-tr-location="Product Category Parent"
                                        >
                                        <svg xmlns="http://www.w3.org/2000/svg" xmlns:xlink="http://www.w3.org/1999/xlink" version="1.1" class="icon icon-plus" x="0" y="0" viewBox="0 0 45 45" enable-background="new 0 0 45 45" xml:space="preserve" aria-label="Pluss-symbol">
    <polygon class="fill" points="45 19.6 25.4 19.6 25.4 0 19.6 0 19.6 19.6 0 19.6 0 25.4 19.6 25.4 19.6 45 25.4 45 25.4 25.4 45 25.4 "/>
</svg>

                                    </button>
                                    <div class="cart-quantity position-2" title="Antall i handlekurven">
                                        
                                    </div>
                                </div>
                            </div>
                        
                    

                </div>

        </div>
    </div>



        

    

        
            
        

        
        

            


    <div class="col-xs-6 col-sm-3 col-md-2">
        <div class="product-list-item ">

                


                
                


                
                    <a data-app-open-native href="/produkter/3304-pagen-energibrod/" class="modal-link">
                

                    <div>
                        <div class="image-container">
                            
                                <img src="https://bilder.kolonial.no/produkter/334a0c49-32dd-4ea8-a0ac-a1542910b97d.jpeg?fill=solid&amp;fill-color=ffffff&amp;fit=fill&amp;h=140&amp;w=140&amp;s=c3859bcfeab2281f0310bd1bdd9205ef" alt="Energibrød" width="140" height="140" title="Bilde: © Pågen / Kolonial.no" srcset="https://bilder.kolonial.no/produkter/334a0c49-32dd-4ea8-a0ac-a1542910b97d.jpeg?fill=solid&amp;fill-color=ffffff&amp;fit=fill&amp;h=140&amp;w=140&amp;s=c3859bcfeab2281f0310bd1bdd9205ef 1x, https://bilder.kolonial.no/produkter/334a0c49-32dd-4ea8-a0ac-a1542910b97d.jpeg?fill=solid&amp;fill-color=ffffff&amp;fit=fill&amp;h=280&amp;w=280&amp;s=4dc78a5d30337810f473783e96f96c36 2x" />
                            

                            
                            

                            <div class="product-classifiers">
                                

                                

                                
                                    <div class="keyhole" title="Produktet er merket med Nøkkelhullet">
                                        <p class="sr-only">
                                            Nøkkelhullet
                                        </p>
                                    </div>
                                

                                

                                

                                

                                

                                
                                    <div class="bread-scale-2" title="Produktet er Halvgrovt på Grovhetsskalaen">
                                        <p class="sr-only">
                                            Halvgrovt
                                        </p>
                                    </div>
                                

                                
                                    <div class="frozen" title="Produktet er en frysevare">
                                        <p class="sr-only">
                                            Frysevare
                                        </p>
                                    </div>
                                

                                
                                    
                                

                            </div>

                        </div>
                    </div>

                    <p class="price label label-price">
                        kr 36,30
                    </p>

                    
                        <p class="unit-price">
                            kr 51,86 per kg
                        </p>
                    

                    <h3 class="name">
                        <div class="name-main wrap-two-lines">Energibrød</div>
                        <div class="name-extra wrap-one-line">
                            

                            700 g
                        </div>
                    </h3>

                    

                        

                    

                
                    </a>
                

                <div class="buttons">

                    
                        
                            <div class="add-to-cart-group" data-product="3304" >
                                <div class="not-in-cart">
                                    <button type="button"
                                        class=" add-to-cart btn btn-sm btn-primary"
                                        data-action="add-to-cart"
                                        data-product="3304"
                                        data-quantity="1"
                                        data-to-list="cart"
                                        aria-label="Kjøp Energibrød 700 g"
                                        
                                        
                                        data-tr-location="Product Category Parent"
                                        >
                                        Kjøp
                                    </button>
                                </div>
                                <div class="in-cart">
                                    <button type="button"
                                        class=" cart-quantity-change position-1"
                                        data-action="add-to-cart"
                                        data-product="3304"
                                        data-quantity="-1"
                                        data-to-list="cart"
                                        aria-label="Fjern 1 Energibrød fra handlekurven"
                                        title="Fjern 1 Energibrød fra handlekurven"
                                        
                                        
                                        data-tr-location="Product Category Parent"
                                        >
                                        <svg xmlns="http://www.w3.org/2000/svg" xmlns:xlink="http://www.w3.org/1999/xlink" version="1.1" class="icon icon-minus" y="0" viewBox="0 0 45 45" enable-background="new 0 0 45 45" xml:space="preserve" aria-label="Minus-symbol">
    <rect class="fill" x="0" y="19.6" width="45" height="5.8"/>
</svg>

                                    </button>
                                    <button type="button"
                                        class=" cart-quantity-change position-3"
                                        data-action="add-to-cart"
                                        data-product="3304"
                                        data-quantity="1"
                                        data-to-list="cart"
                                        aria-label="Legg til 1 Energibrød i handlekurven"
                                        title="Legg til 1 Energibrød i handlekurven"
                                        
                                        
                                        data-tr-location="Product Category Parent"
                                        >
                                        <svg xmlns="http://www.w3.org/2000/svg" xmlns:xlink="http://www.w3.org/1999/xlink" version="1.1" class="icon icon-plus" x="0" y="0" viewBox="0 0 45 45" enable-background="new 0 0 45 45" xml:space="preserve" aria-label="Pluss-symbol">
    <polygon class="fill" points="45 19.6 25.4 19.6 25.4 0 19.6 0 19.6 19.6 0 19.6 0 25.4 19.6 25.4 19.6 45 25.4 45 25.4 25.4 45 25.4 "/>
</svg>

                                    </button>
                                    <div class="cart-quantity position-2" title="Antall i handlekurven">
                                        
                                    </div>
                                </div>
                            </div>
                        
                    

                </div>

        </div>
    </div>



        

    

        
            
        

        
        

            


    <div class="col-xs-6 col-sm-3 col-md-2">
        <div class="product-list-item ">

                


                
                


                
                    <a data-app-open-native href="/produkter/28361-polarbrod-fullkorn-polarbrod-16-stk/" class="modal-link">
                

                    <div>
                        <div class="image-container">
                            
                                <img src="https://bilder.kolonial.no/produkter/c18b6005-c355-44fb-b499-233481b8c26d.jpeg?fill=solid&amp;fill-color=ffffff&amp;fit=fill&amp;h=140&amp;w=140&amp;s=6a14a97f4056ec63b2db7293cf2fec4e" alt="Fullkorn Polarbrød" width="140" height="140" title="Bilde: © Polarbrød / Kolonial.no" srcset="https://bilder.kolonial.no/produkter/c18b6005-c355-44fb-b499-233481b8c26d.jpeg?fill=solid&amp;fill-color=ffffff&amp;fit=fill&amp;h=140&amp;w=140&amp;s=6a14a97f4056ec63b2db7293cf2fec4e 1x, https://bilder.kolonial.no/produkter/c18b6005-c355-44fb-b499-233481b8c26d.jpeg?fill=solid&amp;fill-color=ffffff&amp;fit=fill&amp;h=280&amp;w=280&amp;s=5fe3c4dec93ab29de85e1c64579565dd 2x" />
                            

                            
                            

                            <div class="product-classifiers">
                                

                                

                                

                                

                                

                                

                                

                                
                                    <div class="bread-scale-3" title="Produktet er Grovt på Grovhetsskalaen">
                                        <p class="sr-only">
                                            Grovt
                                        </p>
                                    </div>
                                

                                
                                    <div class="frozen" title="Produktet er en frysevare">
                                        <p class="sr-only">
                                            Frysevare
                                        </p>
                                    </div>
                                

                                
                                    
                                

                            </div>

                        </div>
                    </div>

                    <p class="price label label-price">
                        kr 48,80
                    </p>

                    
                        <p class="unit-price">
                            kr 81,33 per kg
                        </p>
                    

                    <h3 class="name">
                        <div class="name-main wrap-two-lines">Fullkorn Polarbrød</div>
                        <div class="name-extra wrap-one-line">
                            

                            16 Stk, 600 g
                        </div>
                    </h3>

                    

                        <div class="available-description">
                            <span class="label lead-time-label">
                                Kan leveres 5. sep
                            </span>
                        </div>

                    

                
                    </a>
                

                <div class="buttons">

                    
                        
                            <div class="add-to-cart-group" data-product="28361" >
                                <div class="not-in-cart">
                                    <button type="button"
                                        class=" add-to-cart btn btn-sm btn-primary"
                                        data-action="add-to-cart"
                                        data-product="28361"
                                        data-quantity="1"
                                        data-to-list="cart"
                                        aria-label="Kjøp Fullkorn Polarbrød 16 Stk, 600 g"
                                        
                                        
                                        data-tr-location="Product Category Parent"
                                        >
                                        Kjøp
                                    </button>
                                </div>
                                <div class="in-cart">
                                    <button type="button"
                                        class=" cart-quantity-change position-1"
                                        data-action="add-to-cart"
                                        data-product="28361"
                                        data-quantity="-1"
                                        data-to-list="cart"
                                        aria-label="Fjern 1 Fullkorn Polarbrød fra handlekurven"
                                        title="Fjern 1 Fullkorn Polarbrød fra handlekurven"
                                        
                                        
                                        data-tr-location="Product Category Parent"
                                        >
                                        <svg xmlns="http://www.w3.org/2000/svg" xmlns:xlink="http://www.w3.org/1999/xlink" version="1.1" class="icon icon-minus" y="0" viewBox="0 0 45 45" enable-background="new 0 0 45 45" xml:space="preserve" aria-label="Minus-symbol">
    <rect class="fill" x="0" y="19.6" width="45" height="5.8"/>
</svg>

                                    </button>
                                    <button type="button"
                                        class=" cart-quantity-change position-3"
                                        data-action="add-to-cart"
                                        data-product="28361"
                                        data-quantity="1"
                                        data-to-list="cart"
                                        aria-label="Legg til 1 Fullkorn Polarbrød i handlekurven"
                                        title="Legg til 1 Fullkorn Polarbrød i handlekurven"
                                        
                                        
                                        data-tr-location="Product Category Parent"
                                        >
                                        <svg xmlns="http://www.w3.org/2000/svg" xmlns:xlink="http://www.w3.org/1999/xlink" version="1.1" class="icon icon-plus" x="0" y="0" viewBox="0 0 45 45" enable-background="new 0 0 45 45" xml:space="preserve" aria-label="Pluss-symbol">
    <polygon class="fill" points="45 19.6 25.4 19.6 25.4 0 19.6 0 19.6 19.6 0 19.6 0 25.4 19.6 25.4 19.6 45 25.4 45 25.4 25.4 45 25.4 "/>
</svg>

                                    </button>
                                    <div class="cart-quantity position-2" title="Antall i handlekurven">
                                        
                                    </div>
                                </div>
                            </div>
                        
                    

                </div>

        </div>
    </div>



        

    
</div>


    





                        
                    </div>
                
                    <h4 class="child-category-headline">
                        <a class="headline" href="/kategorier/1-brod-og-frokostblandinger/99-frosne-brod-og-rundstykker/">Frosne brød og rundstykker</a>
                        <a href="/kategorier/1-brod-og-frokostblandinger/99-frosne-brod-og-rundstykker/" class="btn btn-text-only pull-right">
                            <span class="hidden-xs">Vis alle i Frosne brød og rundstykker</span>
                            <span aria-label="Vis alle i Frosne brød og rundstykker" class="visible-xs-inline">Vis alle</span>
                            <span class="glyphicon glyphicon glyphicon-menu-right"></span>
                        </a>
                    </h4>

                    <div class="product-category-list ws-xs">
                        
                            
<div class="row">
    

        
            
        

        
        

            


    <div class="col-xs-6 col-sm-3 col-md-2">
        <div class="product-list-item ">

                


                
                


                
                    <a data-app-open-native href="/produkter/24517-god-bakst-croissant-6-stk/" class="modal-link">
                

                    <div>
                        <div class="image-container">
                            
                                <img src="https://bilder.kolonial.no/produkter/3bafb686-3d52-45ed-a40c-ac9b752e859d.jpeg?fill=solid&amp;fill-color=ffffff&amp;fit=fill&amp;h=140&amp;w=140&amp;s=39bf16a05138e85e3bb6c38c0178d918" alt="Croissant" width="140" height="140" title="Bilde: © God Bakst / Kolonial.no" srcset="https://bilder.kolonial.no/produkter/3bafb686-3d52-45ed-a40c-ac9b752e859d.jpeg?fill=solid&amp;fill-color=ffffff&amp;fit=fill&amp;h=140&amp;w=140&amp;s=39bf16a05138e85e3bb6c38c0178d918 1x, https://bilder.kolonial.no/produkter/3bafb686-3d52-45ed-a40c-ac9b752e859d.jpeg?fill=solid&amp;fill-color=ffffff&amp;fit=fill&amp;h=280&amp;w=280&amp;s=26e23b8508ee4ed987e4e44eac0f157a 2x" />
                            

                            
                            

                            <div class="product-classifiers">
                                

                                

                                

                                

                                

                                

                                

                                

                                
                                    <div class="frozen" title="Produktet er en frysevare">
                                        <p class="sr-only">
                                            Frysevare
                                        </p>
                                    </div>
                                

                                
                                    
                                

                            </div>

                        </div>
                    </div>

                    <p class="price label label-price">
                        kr 31,10
                    </p>

                    
                        <p class="unit-price">
                            kr 86,39 per kg
                        </p>
                    

                    <h3 class="name">
                        <div class="name-main wrap-two-lines">Croissant</div>
                        <div class="name-extra wrap-one-line">
                            

                            6 stk, 360 g
                        </div>
                    </h3>

                    

                        

                    

                
                    </a>
                

                <div class="buttons">

                    
                        
                            <div class="add-to-cart-group" data-product="24517" >
                                <div class="not-in-cart">
                                    <button type="button"
                                        class=" add-to-cart btn btn-sm btn-primary"
                                        data-action="add-to-cart"
                                        data-product="24517"
                                        data-quantity="1"
                                        data-to-list="cart"
                                        aria-label="Kjøp Croissant 6 stk, 360 g"
                                        
                                        
                                        data-tr-location="Product Category Parent"
                                        >
                                        Kjøp
                                    </button>
                                </div>
                                <div class="in-cart">
                                    <button type="button"
                                        class=" cart-quantity-change position-1"
                                        data-action="add-to-cart"
                                        data-product="24517"
                                        data-quantity="-1"
                                        data-to-list="cart"
                                        aria-label="Fjern 1 Croissant fra handlekurven"
                                        title="Fjern 1 Croissant fra handlekurven"
                                        
                                        
                                        data-tr-location="Product Category Parent"
                                        >
                                        <svg xmlns="http://www.w3.org/2000/svg" xmlns:xlink="http://www.w3.org/1999/xlink" version="1.1" class="icon icon-minus" y="0" viewBox="0 0 45 45" enable-background="new 0 0 45 45" xml:space="preserve" aria-label="Minus-symbol">
    <rect class="fill" x="0" y="19.6" width="45" height="5.8"/>
</svg>

                                    </button>
                                    <button type="button"
                                        class=" cart-quantity-change position-3"
                                        data-action="add-to-cart"
                                        data-product="24517"
                                        data-quantity="1"
                                        data-to-list="cart"
                                        aria-label="Legg til 1 Croissant i handlekurven"
                                        title="Legg til 1 Croissant i handlekurven"
                                        
                                        
                                        data-tr-location="Product Category Parent"
                                        >
                                        <svg xmlns="http://www.w3.org/2000/svg" xmlns:xlink="http://www.w3.org/1999/xlink" version="1.1" class="icon icon-plus" x="0" y="0" viewBox="0 0 45 45" enable-background="new 0 0 45 45" xml:space="preserve" aria-label="Pluss-symbol">
    <polygon class="fill" points="45 19.6 25.4 19.6 25.4 0 19.6 0 19.6 19.6 0 19.6 0 25.4 19.6 25.4 19.6 45 25.4 45 25.4 25.4 45 25.4 "/>
</svg>

                                    </button>
                                    <div class="cart-quantity position-2" title="Antall i handlekurven">
                                        
                                    </div>
                                </div>
                            </div>
                        
                    

                </div>

        </div>
    </div>



        

    

        
            
        

        
        

            


    <div class="col-xs-6 col-sm-3 col-md-2">
        <div class="product-list-item ">

                


                
                


                
                    <a data-app-open-native href="/produkter/214-hatting-pitabrod-fine-6stk/" class="modal-link">
                

                    <div>
                        <div class="image-container">
                            
                                <img src="https://bilder.kolonial.no/produkter/133a9da3-b258-4b01-92b5-90e354616386.jpeg?fill=solid&amp;fill-color=ffffff&amp;fit=fill&amp;h=140&amp;w=140&amp;s=83249475efdee2be2f5e8eae3176811f" alt="Pitabrød" width="140" height="140" title="Bilde: © Hatting / Kolonial.no" srcset="https://bilder.kolonial.no/produkter/133a9da3-b258-4b01-92b5-90e354616386.jpeg?fill=solid&amp;fill-color=ffffff&amp;fit=fill&amp;h=140&amp;w=140&amp;s=83249475efdee2be2f5e8eae3176811f 1x, https://bilder.kolonial.no/produkter/133a9da3-b258-4b01-92b5-90e354616386.jpeg?fill=solid&amp;fill-color=ffffff&amp;fit=fill&amp;h=280&amp;w=280&amp;s=b148827c66a9e8b3f5be9cc13079e61a 2x" />
                            

                            
                            

                            <div class="product-classifiers">
                                

                                

                                

                                

                                

                                

                                

                                
                                    <div class="bread-scale-1" title="Produktet er Fint på Grovhetsskalaen">
                                        <p class="sr-only">
                                            Fint
                                        </p>
                                    </div>
                                

                                
                                    <div class="frozen" title="Produktet er en frysevare">
                                        <p class="sr-only">
                                            Frysevare
                                        </p>
                                    </div>
                                

                                
                                    
                                

                            </div>

                        </div>
                    </div>

                    <p class="price label label-price">
                        kr 27,40
                    </p>

                    
                        <p class="unit-price">
                            kr 57,08 per kg
                        </p>
                    

                    <h3 class="name">
                        <div class="name-main wrap-two-lines">Pitabrød</div>
                        <div class="name-extra wrap-one-line">
                            

                            Fine, 6stk, 480 g
                        </div>
                    </h3>

                    

                        

                    

                
                    </a>
                

                <div class="buttons">

                    
                        
                            <div class="add-to-cart-group" data-product="214" >
                                <div class="not-in-cart">
                                    <button type="button"
                                        class=" add-to-cart btn btn-sm btn-primary"
                                        data-action="add-to-cart"
                                        data-product="214"
                                        data-quantity="1"
                                        data-to-list="cart"
                                        aria-label="Kjøp Pitabrød Fine, 6stk, 480 g"
                                        
                                        
                                        data-tr-location="Product Category Parent"
                                        >
                                        Kjøp
                                    </button>
                                </div>
                                <div class="in-cart">
                                    <button type="button"
                                        class=" cart-quantity-change position-1"
                                        data-action="add-to-cart"
                                        data-product="214"
                                        data-quantity="-1"
                                        data-to-list="cart"
                                        aria-label="Fjern 1 Pitabrød fra handlekurven"
                                        title="Fjern 1 Pitabrød fra handlekurven"
                                        
                                        
                                        data-tr-location="Product Category Parent"
                                        >
                                        <svg xmlns="http://www.w3.org/2000/svg" xmlns:xlink="http://www.w3.org/1999/xlink" version="1.1" class="icon icon-minus" y="0" viewBox="0 0 45 45" enable-background="new 0 0 45 45" xml:space="preserve" aria-label="Minus-symbol">
    <rect class="fill" x="0" y="19.6" width="45" height="5.8"/>
</svg>

                                    </button>
                                    <button type="button"
                                        class=" cart-quantity-change position-3"
                                        data-action="add-to-cart"
                                        data-product="214"
                                        data-quantity="1"
                                        data-to-list="cart"
                                        aria-label="Legg til 1 Pitabrød i handlekurven"
                                        title="Legg til 1 Pitabrød i handlekurven"
                                        
                                        
                                        data-tr-location="Product Category Parent"
                                        >
                                        <svg xmlns="http://www.w3.org/2000/svg" xmlns:xlink="http://www.w3.org/1999/xlink" version="1.1" class="icon icon-plus" x="0" y="0" viewBox="0 0 45 45" enable-background="new 0 0 45 45" xml:space="preserve" aria-label="Pluss-symbol">
    <polygon class="fill" points="45 19.6 25.4 19.6 25.4 0 19.6 0 19.6 19.6 0 19.6 0 25.4 19.6 25.4 19.6 45 25.4 45 25.4 25.4 45 25.4 "/>
</svg>

                                    </button>
                                    <div class="cart-quantity position-2" title="Antall i handlekurven">
                                        
                                    </div>
                                </div>
                            </div>
                        
                    

                </div>

        </div>
    </div>



        

    

        
            
        

        
        

            


    <div class="col-xs-6 col-sm-3 col-md-2">
        <div class="product-list-item ">

                


                
                


                
                    <a data-app-open-native href="/produkter/31214-hatting-mini-pizzabunn-6-stk/" class="modal-link">
                

                    <div>
                        <div class="image-container">
                            
                                <img src="https://bilder.kolonial.no/produkter/10da00cd-0ec0-4fe4-99d7-6cbcc4815de4.jpeg?fill=solid&amp;fill-color=ffffff&amp;fit=fill&amp;h=140&amp;w=140&amp;s=443c516f68ef6462143d34107a178cb8" alt="Mini Pizzabunn" width="140" height="140" title="Bilde: © Hatting / Kolonial.no" srcset="https://bilder.kolonial.no/produkter/10da00cd-0ec0-4fe4-99d7-6cbcc4815de4.jpeg?fill=solid&amp;fill-color=ffffff&amp;fit=fill&amp;h=140&amp;w=140&amp;s=443c516f68ef6462143d34107a178cb8 1x, https://bilder.kolonial.no/produkter/10da00cd-0ec0-4fe4-99d7-6cbcc4815de4.jpeg?fill=solid&amp;fill-color=ffffff&amp;fit=fill&amp;h=280&amp;w=280&amp;s=161555c81f30f9006e1eab82f93e4062 2x" />
                            

                            
                            

                            <div class="product-classifiers">
                                

                                

                                

                                

                                

                                

                                

                                
                                    <div class="bread-scale-1" title="Produktet er Fint på Grovhetsskalaen">
                                        <p class="sr-only">
                                            Fint
                                        </p>
                                    </div>
                                

                                
                                    <div class="frozen" title="Produktet er en frysevare">
                                        <p class="sr-only">
                                            Frysevare
                                        </p>
                                    </div>
                                

                                
                                    
                                

                            </div>

                        </div>
                    </div>

                    <p class="price label label-price">
                        kr 43,60
                    </p>

                    
                        <p class="unit-price">
                            kr 111,79 per kg
                        </p>
                    

                    <h3 class="name">
                        <div class="name-main wrap-two-lines">Mini Pizzabunn</div>
                        <div class="name-extra wrap-one-line">
                            

                            6 stk, 390 g
                        </div>
                    </h3>

                    

                        

                    

                
                    </a>
                

                <div class="buttons">

                    
                        
                            <div class="add-to-cart-group" data-product="31214" >
                                <div class="not-in-cart">
                                    <button type="button"
                                        class=" add-to-cart btn btn-sm btn-primary"
                                        data-action="add-to-cart"
                                        data-product="31214"
                                        data-quantity="1"
                                        data-to-list="cart"
                                        aria-label="Kjøp Mini Pizzabunn 6 stk, 390 g"
                                        
                                        
                                        data-tr-location="Product Category Parent"
                                        >
                                        Kjøp
                                    </button>
                                </div>
                                <div class="in-cart">
                                    <button type="button"
                                        class=" cart-quantity-change position-1"
                                        data-action="add-to-cart"
                                        data-product="31214"
                                        data-quantity="-1"
                                        data-to-list="cart"
                                        aria-label="Fjern 1 Mini Pizzabunn fra handlekurven"
                                        title="Fjern 1 Mini Pizzabunn fra handlekurven"
                                        
                                        
                                        data-tr-location="Product Category Parent"
                                        >
                                        <svg xmlns="http://www.w3.org/2000/svg" xmlns:xlink="http://www.w3.org/1999/xlink" version="1.1" class="icon icon-minus" y="0" viewBox="0 0 45 45" enable-background="new 0 0 45 45" xml:space="preserve" aria-label="Minus-symbol">
    <rect class="fill" x="0" y="19.6" width="45" height="5.8"/>
</svg>

                                    </button>
                                    <button type="button"
                                        class=" cart-quantity-change position-3"
                                        data-action="add-to-cart"
                                        data-product="31214"
                                        data-quantity="1"
                                        data-to-list="cart"
                                        aria-label="Legg til 1 Mini Pizzabunn i handlekurven"
                                        title="Legg til 1 Mini Pizzabunn i handlekurven"
                                        
                                        
                                        data-tr-location="Product Category Parent"
                                        >
                                        <svg xmlns="http://www.w3.org/2000/svg" xmlns:xlink="http://www.w3.org/1999/xlink" version="1.1" class="icon icon-plus" x="0" y="0" viewBox="0 0 45 45" enable-background="new 0 0 45 45" xml:space="preserve" aria-label="Pluss-symbol">
    <polygon class="fill" points="45 19.6 25.4 19.6 25.4 0 19.6 0 19.6 19.6 0 19.6 0 25.4 19.6 25.4 19.6 45 25.4 45 25.4 25.4 45 25.4 "/>
</svg>

                                    </button>
                                    <div class="cart-quantity position-2" title="Antall i handlekurven">
                                        
                                    </div>
                                </div>
                            </div>
                        
                    

                </div>

        </div>
    </div>



        

    

        
            
        

        
        

            


    <div class="col-xs-6 col-sm-3 col-md-2">
        <div class="product-list-item ">

                


                
                


                
                    <a data-app-open-native href="/produkter/200-hatting-grove-rundstykker-10stk/" class="modal-link">
                

                    <div>
                        <div class="image-container">
                            
                                <img src="https://bilder.kolonial.no/produkter/cca61413-3aba-4b6b-b17e-e0b771acf2f4.jpg?fill=solid&amp;fill-color=ffffff&amp;fit=fill&amp;h=140&amp;w=140&amp;s=a86dfe53012d02b4a837c233cfac4d64" alt="Grove Rundstykker" width="140" height="140" title="Bilde: © Hatting / Kolonial.no" srcset="https://bilder.kolonial.no/produkter/cca61413-3aba-4b6b-b17e-e0b771acf2f4.jpg?fill=solid&amp;fill-color=ffffff&amp;fit=fill&amp;h=140&amp;w=140&amp;s=a86dfe53012d02b4a837c233cfac4d64 1x, https://bilder.kolonial.no/produkter/cca61413-3aba-4b6b-b17e-e0b771acf2f4.jpg?fill=solid&amp;fill-color=ffffff&amp;fit=fill&amp;h=280&amp;w=280&amp;s=1139d23dfab1a4afbeb81c1badf38c1e 2x" />
                            

                            
                            

                            <div class="product-classifiers">
                                

                                

                                

                                

                                

                                

                                

                                

                                
                                    <div class="frozen" title="Produktet er en frysevare">
                                        <p class="sr-only">
                                            Frysevare
                                        </p>
                                    </div>
                                

                                
                                    
                                

                            </div>

                        </div>
                    </div>

                    <p class="price label label-price">
                        kr 29,30
                    </p>

                    
                        <p class="unit-price">
                            kr 48,83 per kg
                        </p>
                    

                    <h3 class="name">
                        <div class="name-main wrap-two-lines">Grove Rundstykker</div>
                        <div class="name-extra wrap-one-line">
                            

                            10stk, 600 g
                        </div>
                    </h3>

                    

                        

                    

                
                    </a>
                

                <div class="buttons">

                    
                        
                            <div class="add-to-cart-group" data-product="200" >
                                <div class="not-in-cart">
                                    <button type="button"
                                        class=" add-to-cart btn btn-sm btn-primary"
                                        data-action="add-to-cart"
                                        data-product="200"
                                        data-quantity="1"
                                        data-to-list="cart"
                                        aria-label="Kjøp Grove Rundstykker 10stk, 600 g"
                                        
                                        
                                        data-tr-location="Product Category Parent"
                                        >
                                        Kjøp
                                    </button>
                                </div>
                                <div class="in-cart">
                                    <button type="button"
                                        class=" cart-quantity-change position-1"
                                        data-action="add-to-cart"
                                        data-product="200"
                                        data-quantity="-1"
                                        data-to-list="cart"
                                        aria-label="Fjern 1 Grove Rundstykker fra handlekurven"
                                        title="Fjern 1 Grove Rundstykker fra handlekurven"
                                        
                                        
                                        data-tr-location="Product Category Parent"
                                        >
                                        <svg xmlns="http://www.w3.org/2000/svg" xmlns:xlink="http://www.w3.org/1999/xlink" version="1.1" class="icon icon-minus" y="0" viewBox="0 0 45 45" enable-background="new 0 0 45 45" xml:space="preserve" aria-label="Minus-symbol">
    <rect class="fill" x="0" y="19.6" width="45" height="5.8"/>
</svg>

                                    </button>
                                    <button type="button"
                                        class=" cart-quantity-change position-3"
                                        data-action="add-to-cart"
                                        data-product="200"
                                        data-quantity="1"
                                        data-to-list="cart"
                                        aria-label="Legg til 1 Grove Rundstykker i handlekurven"
                                        title="Legg til 1 Grove Rundstykker i handlekurven"
                                        
                                        
                                        data-tr-location="Product Category Parent"
                                        >
                                        <svg xmlns="http://www.w3.org/2000/svg" xmlns:xlink="http://www.w3.org/1999/xlink" version="1.1" class="icon icon-plus" x="0" y="0" viewBox="0 0 45 45" enable-background="new 0 0 45 45" xml:space="preserve" aria-label="Pluss-symbol">
    <polygon class="fill" points="45 19.6 25.4 19.6 25.4 0 19.6 0 19.6 19.6 0 19.6 0 25.4 19.6 25.4 19.6 45 25.4 45 25.4 25.4 45 25.4 "/>
</svg>

                                    </button>
                                    <div class="cart-quantity position-2" title="Antall i handlekurven">
                                        
                                    </div>
                                </div>
                            </div>
                        
                    

                </div>

        </div>
    </div>



        

    

        
            
        

        
        

            


    <div class="col-xs-6 col-sm-3 col-md-2">
        <div class="product-list-item ">

                


                
                


                
                    <a data-app-open-native href="/produkter/28508-hatting-danske-rundstykker-10-stk/" class="modal-link">
                

                    <div>
                        <div class="image-container">
                            
                                <img src="https://bilder.kolonial.no/produkter/e4a732e2-309b-4385-8987-d30fbb8e984b.jpeg?fill=solid&amp;fill-color=ffffff&amp;fit=fill&amp;h=140&amp;w=140&amp;s=dbc3c9bd883e998dc72f730bc10cfac5" alt="Danske Rundstykker" width="140" height="140" title="Bilde: © Hatting / Kolonial.no" srcset="https://bilder.kolonial.no/produkter/e4a732e2-309b-4385-8987-d30fbb8e984b.jpeg?fill=solid&amp;fill-color=ffffff&amp;fit=fill&amp;h=140&amp;w=140&amp;s=dbc3c9bd883e998dc72f730bc10cfac5 1x, https://bilder.kolonial.no/produkter/e4a732e2-309b-4385-8987-d30fbb8e984b.jpeg?fill=solid&amp;fill-color=ffffff&amp;fit=fill&amp;h=280&amp;w=280&amp;s=3bb5da50e93e2beba7a9a1e5d7e7ed70 2x" />
                            

                            
                            

                            <div class="product-classifiers">
                                

                                

                                

                                

                                

                                

                                

                                
                                    <div class="bread-scale-1" title="Produktet er Fint på Grovhetsskalaen">
                                        <p class="sr-only">
                                            Fint
                                        </p>
                                    </div>
                                

                                
                                    <div class="frozen" title="Produktet er en frysevare">
                                        <p class="sr-only">
                                            Frysevare
                                        </p>
                                    </div>
                                

                                
                                    
                                

                            </div>

                        </div>
                    </div>

                    <p class="price label label-price">
                        kr 35,60
                    </p>

                    
                        <p class="unit-price">
                            kr 71,20 per kg
                        </p>
                    

                    <h3 class="name">
                        <div class="name-main wrap-two-lines">Danske Rundstykker</div>
                        <div class="name-extra wrap-one-line">
                            

                            10 stk, 500 g
                        </div>
                    </h3>

                    

                        

                    

                
                    </a>
                

                <div class="buttons">

                    
                        
                            <div class="add-to-cart-group" data-product="28508" >
                                <div class="not-in-cart">
                                    <button type="button"
                                        class=" add-to-cart btn btn-sm btn-primary"
                                        data-action="add-to-cart"
                                        data-product="28508"
                                        data-quantity="1"
                                        data-to-list="cart"
                                        aria-label="Kjøp Danske Rundstykker 10 stk, 500 g"
                                        
                                        
                                        data-tr-location="Product Category Parent"
                                        >
                                        Kjøp
                                    </button>
                                </div>
                                <div class="in-cart">
                                    <button type="button"
                                        class=" cart-quantity-change position-1"
                                        data-action="add-to-cart"
                                        data-product="28508"
                                        data-quantity="-1"
                                        data-to-list="cart"
                                        aria-label="Fjern 1 Danske Rundstykker fra handlekurven"
                                        title="Fjern 1 Danske Rundstykker fra handlekurven"
                                        
                                        
                                        data-tr-location="Product Category Parent"
                                        >
                                        <svg xmlns="http://www.w3.org/2000/svg" xmlns:xlink="http://www.w3.org/1999/xlink" version="1.1" class="icon icon-minus" y="0" viewBox="0 0 45 45" enable-background="new 0 0 45 45" xml:space="preserve" aria-label="Minus-symbol">
    <rect class="fill" x="0" y="19.6" width="45" height="5.8"/>
</svg>

                                    </button>
                                    <button type="button"
                                        class=" cart-quantity-change position-3"
                                        data-action="add-to-cart"
                                        data-product="28508"
                                        data-quantity="1"
                                        data-to-list="cart"
                                        aria-label="Legg til 1 Danske Rundstykker i handlekurven"
                                        title="Legg til 1 Danske Rundstykker i handlekurven"
                                        
                                        
                                        data-tr-location="Product Category Parent"
                                        >
                                        <svg xmlns="http://www.w3.org/2000/svg" xmlns:xlink="http://www.w3.org/1999/xlink" version="1.1" class="icon icon-plus" x="0" y="0" viewBox="0 0 45 45" enable-background="new 0 0 45 45" xml:space="preserve" aria-label="Pluss-symbol">
    <polygon class="fill" points="45 19.6 25.4 19.6 25.4 0 19.6 0 19.6 19.6 0 19.6 0 25.4 19.6 25.4 19.6 45 25.4 45 25.4 25.4 45 25.4 "/>
</svg>

                                    </button>
                                    <div class="cart-quantity position-2" title="Antall i handlekurven">
                                        
                                    </div>
                                </div>
                            </div>
                        
                    

                </div>

        </div>
    </div>



        

    

        
            
        

        
        

            


    <div class="col-xs-6 col-sm-3 col-md-2">
        <div class="product-list-item ">

                


                
                


                
                    <a data-app-open-native href="/produkter/21667-hatting-glutenfrie-pitabrod-2-stk/" class="modal-link">
                

                    <div>
                        <div class="image-container">
                            
                                <img src="https://bilder.kolonial.no/produkter/c635148b-27c6-4bb6-a98d-14fda338204b.jpeg?fill=solid&amp;fill-color=ffffff&amp;fit=fill&amp;h=140&amp;w=140&amp;s=96cb1c19ffcaf2b471e8067c709a862c" alt="Glutenfrie Pitabrød" width="140" height="140" title="Bilde: © Hatting / Kolonial.no" srcset="https://bilder.kolonial.no/produkter/c635148b-27c6-4bb6-a98d-14fda338204b.jpeg?fill=solid&amp;fill-color=ffffff&amp;fit=fill&amp;h=140&amp;w=140&amp;s=96cb1c19ffcaf2b471e8067c709a862c 1x, https://bilder.kolonial.no/produkter/c635148b-27c6-4bb6-a98d-14fda338204b.jpeg?fill=solid&amp;fill-color=ffffff&amp;fit=fill&amp;h=280&amp;w=280&amp;s=2f8ec470b7076390cc7552365f416915 2x" />
                            

                            
                            

                            <div class="product-classifiers">
                                

                                

                                

                                

                                

                                

                                

                                

                                
                                    <div class="frozen" title="Produktet er en frysevare">
                                        <p class="sr-only">
                                            Frysevare
                                        </p>
                                    </div>
                                

                                
                                    
                                

                            </div>

                        </div>
                    </div>

                    <p class="price label label-price">
                        kr 52,40
                    </p>

                    
                        <p class="unit-price">
                            kr 227,83 per kg
                        </p>
                    

                    <h3 class="name">
                        <div class="name-main wrap-two-lines">Glutenfrie Pitabrød</div>
                        <div class="name-extra wrap-one-line">
                            

                            2 stk, 230 g
                        </div>
                    </h3>

                    

                        

                    

                
                    </a>
                

                <div class="buttons">

                    
                        
                            <div class="add-to-cart-group" data-product="21667" >
                                <div class="not-in-cart">
                                    <button type="button"
                                        class=" add-to-cart btn btn-sm btn-primary"
                                        data-action="add-to-cart"
                                        data-product="21667"
                                        data-quantity="1"
                                        data-to-list="cart"
                                        aria-label="Kjøp Glutenfrie Pitabrød 2 stk, 230 g"
                                        
                                        
                                        data-tr-location="Product Category Parent"
                                        >
                                        Kjøp
                                    </button>
                                </div>
                                <div class="in-cart">
                                    <button type="button"
                                        class=" cart-quantity-change position-1"
                                        data-action="add-to-cart"
                                        data-product="21667"
                                        data-quantity="-1"
                                        data-to-list="cart"
                                        aria-label="Fjern 1 Glutenfrie Pitabrød fra handlekurven"
                                        title="Fjern 1 Glutenfrie Pitabrød fra handlekurven"
                                        
                                        
                                        data-tr-location="Product Category Parent"
                                        >
                                        <svg xmlns="http://www.w3.org/2000/svg" xmlns:xlink="http://www.w3.org/1999/xlink" version="1.1" class="icon icon-minus" y="0" viewBox="0 0 45 45" enable-background="new 0 0 45 45" xml:space="preserve" aria-label="Minus-symbol">
    <rect class="fill" x="0" y="19.6" width="45" height="5.8"/>
</svg>

                                    </button>
                                    <button type="button"
                                        class=" cart-quantity-change position-3"
                                        data-action="add-to-cart"
                                        data-product="21667"
                                        data-quantity="1"
                                        data-to-list="cart"
                                        aria-label="Legg til 1 Glutenfrie Pitabrød i handlekurven"
                                        title="Legg til 1 Glutenfrie Pitabrød i handlekurven"
                                        
                                        
                                        data-tr-location="Product Category Parent"
                                        >
                                        <svg xmlns="http://www.w3.org/2000/svg" xmlns:xlink="http://www.w3.org/1999/xlink" version="1.1" class="icon icon-plus" x="0" y="0" viewBox="0 0 45 45" enable-background="new 0 0 45 45" xml:space="preserve" aria-label="Pluss-symbol">
    <polygon class="fill" points="45 19.6 25.4 19.6 25.4 0 19.6 0 19.6 19.6 0 19.6 0 25.4 19.6 25.4 19.6 45 25.4 45 25.4 25.4 45 25.4 "/>
</svg>

                                    </button>
                                    <div class="cart-quantity position-2" title="Antall i handlekurven">
                                        
                                    </div>
                                </div>
                            </div>
                        
                    

                </div>

        </div>
    </div>



        

    
</div>


    





                        
                    </div>
                
                    <h4 class="child-category-headline">
                        <a class="headline" href="/kategorier/1-brod-og-frokostblandinger/4-knekkebrod/">Knekkebrød</a>
                        <a href="/kategorier/1-brod-og-frokostblandinger/4-knekkebrod/" class="btn btn-text-only pull-right">
                            <span class="hidden-xs">Vis alle i Knekkebrød</span>
                            <span aria-label="Vis alle i Knekkebrød" class="visible-xs-inline">Vis alle</span>
                            <span class="glyphicon glyphicon glyphicon-menu-right"></span>
                        </a>
                    </h4>

                    <div class="product-category-list ws-xs">
                        
                            
<div class="row">
    

        
            
        

        
        

            


    <div class="col-xs-6 col-sm-3 col-md-2">
        <div class="product-list-item ">

                


                
                


                
                    <a data-app-open-native href="/produkter/1612-wasa-wasa-husman/" class="modal-link">
                

                    <div>
                        <div class="image-container">
                            
                                <img src="https://bilder.kolonial.no/produkter/dc6ccebb-3c84-4977-bc99-6dfcf715fcd2.jpeg?fill=solid&amp;fill-color=ffffff&amp;fit=fill&amp;h=140&amp;w=140&amp;s=7546d9c9c0960852a47a4f9165d4fb8f" alt="Wasa Husman" width="140" height="140" title="Bilde: © Wasa / Kolonial.no" srcset="https://bilder.kolonial.no/produkter/dc6ccebb-3c84-4977-bc99-6dfcf715fcd2.jpeg?fill=solid&amp;fill-color=ffffff&amp;fit=fill&amp;h=140&amp;w=140&amp;s=7546d9c9c0960852a47a4f9165d4fb8f 1x, https://bilder.kolonial.no/produkter/dc6ccebb-3c84-4977-bc99-6dfcf715fcd2.jpeg?fill=solid&amp;fill-color=ffffff&amp;fit=fill&amp;h=280&amp;w=280&amp;s=98becb84d1e74ea3674651a716065c69 2x" />
                            

                            
                            

                            <div class="product-classifiers">
                                

                                

                                
                                    <div class="keyhole" title="Produktet er merket med Nøkkelhullet">
                                        <p class="sr-only">
                                            Nøkkelhullet
                                        </p>
                                    </div>
                                

                                

                                

                                

                                

                                
                                    <div class="bread-scale-4" title="Produktet er Ekstragrovt på Grovhetsskalaen">
                                        <p class="sr-only">
                                            Ekstragrovt
                                        </p>
                                    </div>
                                

                                

                                
                                    
                                

                            </div>

                        </div>
                    </div>

                    <p class="price label label-price">
                        kr 23,40
                    </p>

                    
                        <p class="unit-price">
                            kr 45,00 per kg
                        </p>
                    

                    <h3 class="name">
                        <div class="name-main wrap-two-lines">Wasa Husman</div>
                        <div class="name-extra wrap-one-line">
                            

                            520 g
                        </div>
                    </h3>

                    

                        

                    

                
                    </a>
                

                <div class="buttons">

                    
                        
                            <div class="add-to-cart-group" data-product="1612" >
                                <div class="not-in-cart">
                                    <button type="button"
                                        class=" add-to-cart btn btn-sm btn-primary"
                                        data-action="add-to-cart"
                                        data-product="1612"
                                        data-quantity="1"
                                        data-to-list="cart"
                                        aria-label="Kjøp Wasa Husman 520 g"
                                        
                                        
                                        data-tr-location="Product Category Parent"
                                        >
                                        Kjøp
                                    </button>
                                </div>
                                <div class="in-cart">
                                    <button type="button"
                                        class=" cart-quantity-change position-1"
                                        data-action="add-to-cart"
                                        data-product="1612"
                                        data-quantity="-1"
                                        data-to-list="cart"
                                        aria-label="Fjern 1 Wasa Husman fra handlekurven"
                                        title="Fjern 1 Wasa Husman fra handlekurven"
                                        
                                        
                                        data-tr-location="Product Category Parent"
                                        >
                                        <svg xmlns="http://www.w3.org/2000/svg" xmlns:xlink="http://www.w3.org/1999/xlink" version="1.1" class="icon icon-minus" y="0" viewBox="0 0 45 45" enable-background="new 0 0 45 45" xml:space="preserve" aria-label="Minus-symbol">
    <rect class="fill" x="0" y="19.6" width="45" height="5.8"/>
</svg>

                                    </button>
                                    <button type="button"
                                        class=" cart-quantity-change position-3"
                                        data-action="add-to-cart"
                                        data-product="1612"
                                        data-quantity="1"
                                        data-to-list="cart"
                                        aria-label="Legg til 1 Wasa Husman i handlekurven"
                                        title="Legg til 1 Wasa Husman i handlekurven"
                                        
                                        
                                        data-tr-location="Product Category Parent"
                                        >
                                        <svg xmlns="http://www.w3.org/2000/svg" xmlns:xlink="http://www.w3.org/1999/xlink" version="1.1" class="icon icon-plus" x="0" y="0" viewBox="0 0 45 45" enable-background="new 0 0 45 45" xml:space="preserve" aria-label="Pluss-symbol">
    <polygon class="fill" points="45 19.6 25.4 19.6 25.4 0 19.6 0 19.6 19.6 0 19.6 0 25.4 19.6 25.4 19.6 45 25.4 45 25.4 25.4 45 25.4 "/>
</svg>

                                    </button>
                                    <div class="cart-quantity position-2" title="Antall i handlekurven">
                                        
                                    </div>
                                </div>
                            </div>
                        
                    

                </div>

        </div>
    </div>



        

    

        
            
        

        
        

            


    <div class="col-xs-6 col-sm-3 col-md-2">
        <div class="product-list-item ">

                


                
                


                
                    <a data-app-open-native href="/produkter/7063-wasa-havre-okonomi/" class="modal-link">
                

                    <div>
                        <div class="image-container">
                            
                                <img src="https://bilder.kolonial.no/produkter/7bdfe105-0adc-4c02-ab0f-db8ba2caec7d.jpeg?fill=solid&amp;fill-color=ffffff&amp;fit=fill&amp;h=140&amp;w=140&amp;s=38cd550931a0982d6b4c4b8c2ac45312" alt="Havre Økonomi" width="140" height="140" title="Bilde: © Wasa / Kolonial.no" srcset="https://bilder.kolonial.no/produkter/7bdfe105-0adc-4c02-ab0f-db8ba2caec7d.jpeg?fill=solid&amp;fill-color=ffffff&amp;fit=fill&amp;h=140&amp;w=140&amp;s=38cd550931a0982d6b4c4b8c2ac45312 1x, https://bilder.kolonial.no/produkter/7bdfe105-0adc-4c02-ab0f-db8ba2caec7d.jpeg?fill=solid&amp;fill-color=ffffff&amp;fit=fill&amp;h=280&amp;w=280&amp;s=dddbde0d6bdf659795a0a64659201e90 2x" />
                            

                            
                            

                            <div class="product-classifiers">
                                

                                

                                
                                    <div class="keyhole" title="Produktet er merket med Nøkkelhullet">
                                        <p class="sr-only">
                                            Nøkkelhullet
                                        </p>
                                    </div>
                                

                                

                                

                                

                                

                                
                                    <div class="bread-scale-3" title="Produktet er Grovt på Grovhetsskalaen">
                                        <p class="sr-only">
                                            Grovt
                                        </p>
                                    </div>
                                

                                

                                
                                    
                                

                            </div>

                        </div>
                    </div>

                    <p class="price label label-price">
                        kr 42,80
                    </p>

                    
                        <p class="unit-price">
                            kr 71,33 per kg
                        </p>
                    

                    <h3 class="name">
                        <div class="name-main wrap-two-lines">Havre Økonomi</div>
                        <div class="name-extra wrap-one-line">
                            

                            600 g
                        </div>
                    </h3>

                    

                        

                    

                
                    </a>
                

                <div class="buttons">

                    
                        
                            <div class="add-to-cart-group" data-product="7063" >
                                <div class="not-in-cart">
                                    <button type="button"
                                        class=" add-to-cart btn btn-sm btn-primary"
                                        data-action="add-to-cart"
                                        data-product="7063"
                                        data-quantity="1"
                                        data-to-list="cart"
                                        aria-label="Kjøp Havre Økonomi 600 g"
                                        
                                        
                                        data-tr-location="Product Category Parent"
                                        >
                                        Kjøp
                                    </button>
                                </div>
                                <div class="in-cart">
                                    <button type="button"
                                        class=" cart-quantity-change position-1"
                                        data-action="add-to-cart"
                                        data-product="7063"
                                        data-quantity="-1"
                                        data-to-list="cart"
                                        aria-label="Fjern 1 Havre Økonomi fra handlekurven"
                                        title="Fjern 1 Havre Økonomi fra handlekurven"
                                        
                                        
                                        data-tr-location="Product Category Parent"
                                        >
                                        <svg xmlns="http://www.w3.org/2000/svg" xmlns:xlink="http://www.w3.org/1999/xlink" version="1.1" class="icon icon-minus" y="0" viewBox="0 0 45 45" enable-background="new 0 0 45 45" xml:space="preserve" aria-label="Minus-symbol">
    <rect class="fill" x="0" y="19.6" width="45" height="5.8"/>
</svg>

                                    </button>
                                    <button type="button"
                                        class=" cart-quantity-change position-3"
                                        data-action="add-to-cart"
                                        data-product="7063"
                                        data-quantity="1"
                                        data-to-list="cart"
                                        aria-label="Legg til 1 Havre Økonomi i handlekurven"
                                        title="Legg til 1 Havre Økonomi i handlekurven"
                                        
                                        
                                        data-tr-location="Product Category Parent"
                                        >
                                        <svg xmlns="http://www.w3.org/2000/svg" xmlns:xlink="http://www.w3.org/1999/xlink" version="1.1" class="icon icon-plus" x="0" y="0" viewBox="0 0 45 45" enable-background="new 0 0 45 45" xml:space="preserve" aria-label="Pluss-symbol">
    <polygon class="fill" points="45 19.6 25.4 19.6 25.4 0 19.6 0 19.6 19.6 0 19.6 0 25.4 19.6 25.4 19.6 45 25.4 45 25.4 25.4 45 25.4 "/>
</svg>

                                    </button>
                                    <div class="cart-quantity position-2" title="Antall i handlekurven">
                                        
                                    </div>
                                </div>
                            </div>
                        
                    

                </div>

        </div>
    </div>



        

    

        
            
        

        
        

            


    <div class="col-xs-6 col-sm-3 col-md-2">
        <div class="product-list-item ">

                


                
                


                
                    <a data-app-open-native href="/produkter/1699-wasa-sport-knekkebrod/" class="modal-link">
                

                    <div>
                        <div class="image-container">
                            
                                <img src="https://bilder.kolonial.no/produkter/edd01f09-8197-44e7-9631-b56594def805.jpeg?fill=solid&amp;fill-color=ffffff&amp;fit=fill&amp;h=140&amp;w=140&amp;s=32cf6ad4a743da612e34c953c050262b" alt="Sport+ Knekkebrød" width="140" height="140" title="Bilde: © Wasa / Kolonial.no" srcset="https://bilder.kolonial.no/produkter/edd01f09-8197-44e7-9631-b56594def805.jpeg?fill=solid&amp;fill-color=ffffff&amp;fit=fill&amp;h=140&amp;w=140&amp;s=32cf6ad4a743da612e34c953c050262b 1x, https://bilder.kolonial.no/produkter/edd01f09-8197-44e7-9631-b56594def805.jpeg?fill=solid&amp;fill-color=ffffff&amp;fit=fill&amp;h=280&amp;w=280&amp;s=07ed22036169f696b3daa472be6a309f 2x" />
                            

                            
                            

                            <div class="product-classifiers">
                                

                                

                                
                                    <div class="keyhole" title="Produktet er merket med Nøkkelhullet">
                                        <p class="sr-only">
                                            Nøkkelhullet
                                        </p>
                                    </div>
                                

                                

                                

                                

                                

                                
                                    <div class="bread-scale-4" title="Produktet er Ekstragrovt på Grovhetsskalaen">
                                        <p class="sr-only">
                                            Ekstragrovt
                                        </p>
                                    </div>
                                

                                

                                
                                    
                                

                            </div>

                        </div>
                    </div>

                    <p class="price label label-price">
                        kr 16,80
                    </p>

                    
                        <p class="unit-price">
                            kr 74,67 per kg
                        </p>
                    

                    <h3 class="name">
                        <div class="name-main wrap-two-lines">Sport+ Knekkebrød</div>
                        <div class="name-extra wrap-one-line">
                            

                            225 g
                        </div>
                    </h3>

                    

                        

                    

                
                    </a>
                

                <div class="buttons">

                    
                        
                            <div class="add-to-cart-group" data-product="1699" >
                                <div class="not-in-cart">
                                    <button type="button"
                                        class=" add-to-cart btn btn-sm btn-primary"
                                        data-action="add-to-cart"
                                        data-product="1699"
                                        data-quantity="1"
                                        data-to-list="cart"
                                        aria-label="Kjøp Sport+ Knekkebrød 225 g"
                                        
                                        
                                        data-tr-location="Product Category Parent"
                                        >
                                        Kjøp
                                    </button>
                                </div>
                                <div class="in-cart">
                                    <button type="button"
                                        class=" cart-quantity-change position-1"
                                        data-action="add-to-cart"
                                        data-product="1699"
                                        data-quantity="-1"
                                        data-to-list="cart"
                                        aria-label="Fjern 1 Sport+ Knekkebrød fra handlekurven"
                                        title="Fjern 1 Sport+ Knekkebrød fra handlekurven"
                                        
                                        
                                        data-tr-location="Product Category Parent"
                                        >
                                        <svg xmlns="http://www.w3.org/2000/svg" xmlns:xlink="http://www.w3.org/1999/xlink" version="1.1" class="icon icon-minus" y="0" viewBox="0 0 45 45" enable-background="new 0 0 45 45" xml:space="preserve" aria-label="Minus-symbol">
    <rect class="fill" x="0" y="19.6" width="45" height="5.8"/>
</svg>

                                    </button>
                                    <button type="button"
                                        class=" cart-quantity-change position-3"
                                        data-action="add-to-cart"
                                        data-product="1699"
                                        data-quantity="1"
                                        data-to-list="cart"
                                        aria-label="Legg til 1 Sport+ Knekkebrød i handlekurven"
                                        title="Legg til 1 Sport+ Knekkebrød i handlekurven"
                                        
                                        
                                        data-tr-location="Product Category Parent"
                                        >
                                        <svg xmlns="http://www.w3.org/2000/svg" xmlns:xlink="http://www.w3.org/1999/xlink" version="1.1" class="icon icon-plus" x="0" y="0" viewBox="0 0 45 45" enable-background="new 0 0 45 45" xml:space="preserve" aria-label="Pluss-symbol">
    <polygon class="fill" points="45 19.6 25.4 19.6 25.4 0 19.6 0 19.6 19.6 0 19.6 0 25.4 19.6 25.4 19.6 45 25.4 45 25.4 25.4 45 25.4 "/>
</svg>

                                    </button>
                                    <div class="cart-quantity position-2" title="Antall i handlekurven">
                                        
                                    </div>
                                </div>
                            </div>
                        
                    

                </div>

        </div>
    </div>



        

    

        
            
        

        
        

            


    <div class="col-xs-6 col-sm-3 col-md-2">
        <div class="product-list-item ">

                


                
                


                
                    <a data-app-open-native href="/produkter/13546-mesterbakeren-knekkebrod-urter-havsalt/" class="modal-link">
                

                    <div>
                        <div class="image-container">
                            
                                <img src="https://bilder.kolonial.no/produkter/23c1d8fa-7775-416b-8f1b-b1f155b73895.png?fill=solid&amp;fill-color=ffffff&amp;fit=fill&amp;h=140&amp;w=140&amp;s=2d5d14178727e9d36cb7a0f61ef6daa7" alt="Knekkebrød Urter &amp; havsalt" width="140" height="140" title="Bilde: © Mesterbakeren / Kolonial.no" srcset="https://bilder.kolonial.no/produkter/23c1d8fa-7775-416b-8f1b-b1f155b73895.png?fill=solid&amp;fill-color=ffffff&amp;fit=fill&amp;h=140&amp;w=140&amp;s=2d5d14178727e9d36cb7a0f61ef6daa7 1x, https://bilder.kolonial.no/produkter/23c1d8fa-7775-416b-8f1b-b1f155b73895.png?fill=solid&amp;fill-color=ffffff&amp;fit=fill&amp;h=280&amp;w=280&amp;s=58211814bc149bb0aafaa494818148f8 2x" />
                            

                            
                            

                            <div class="product-classifiers">
                                

                                

                                

                                

                                

                                

                                

                                

                                

                                
                                    
                                

                            </div>

                        </div>
                    </div>

                    <p class="price label label-price">
                        kr 41,20
                    </p>

                    
                        <p class="unit-price">
                            kr 3,43 per stk
                        </p>
                    

                    <h3 class="name">
                        <div class="name-main wrap-two-lines">Knekkebrød Urter &amp; havsalt</div>
                        <div class="name-extra wrap-one-line">
                            

                            12 stk
                        </div>
                    </h3>

                    

                        

                    

                
                    </a>
                

                <div class="buttons">

                    
                        
                            <div class="add-to-cart-group" data-product="13546" >
                                <div class="not-in-cart">
                                    <button type="button"
                                        class=" add-to-cart btn btn-sm btn-primary"
                                        data-action="add-to-cart"
                                        data-product="13546"
                                        data-quantity="1"
                                        data-to-list="cart"
                                        aria-label="Kjøp Knekkebrød Urter &amp; havsalt 12 stk"
                                        
                                        
                                        data-tr-location="Product Category Parent"
                                        >
                                        Kjøp
                                    </button>
                                </div>
                                <div class="in-cart">
                                    <button type="button"
                                        class=" cart-quantity-change position-1"
                                        data-action="add-to-cart"
                                        data-product="13546"
                                        data-quantity="-1"
                                        data-to-list="cart"
                                        aria-label="Fjern 1 Knekkebrød Urter &amp; havsalt fra handlekurven"
                                        title="Fjern 1 Knekkebrød Urter &amp; havsalt fra handlekurven"
                                        
                                        
                                        data-tr-location="Product Category Parent"
                                        >
                                        <svg xmlns="http://www.w3.org/2000/svg" xmlns:xlink="http://www.w3.org/1999/xlink" version="1.1" class="icon icon-minus" y="0" viewBox="0 0 45 45" enable-background="new 0 0 45 45" xml:space="preserve" aria-label="Minus-symbol">
    <rect class="fill" x="0" y="19.6" width="45" height="5.8"/>
</svg>

                                    </button>
                                    <button type="button"
                                        class=" cart-quantity-change position-3"
                                        data-action="add-to-cart"
                                        data-product="13546"
                                        data-quantity="1"
                                        data-to-list="cart"
                                        aria-label="Legg til 1 Knekkebrød Urter &amp; havsalt i handlekurven"
                                        title="Legg til 1 Knekkebrød Urter &amp; havsalt i handlekurven"
                                        
                                        
                                        data-tr-location="Product Category Parent"
                                        >
                                        <svg xmlns="http://www.w3.org/2000/svg" xmlns:xlink="http://www.w3.org/1999/xlink" version="1.1" class="icon icon-plus" x="0" y="0" viewBox="0 0 45 45" enable-background="new 0 0 45 45" xml:space="preserve" aria-label="Pluss-symbol">
    <polygon class="fill" points="45 19.6 25.4 19.6 25.4 0 19.6 0 19.6 19.6 0 19.6 0 25.4 19.6 25.4 19.6 45 25.4 45 25.4 25.4 45 25.4 "/>
</svg>

                                    </button>
                                    <div class="cart-quantity position-2" title="Antall i handlekurven">
                                        
                                    </div>
                                </div>
                            </div>
                        
                    

                </div>

        </div>
    </div>



        

    

        
            
        

        
        

            


    <div class="col-xs-6 col-sm-3 col-md-2">
        <div class="product-list-item ">

                


                
                


                
                    <a data-app-open-native href="/produkter/13549-mesterbakeren-knekkebrod-original/" class="modal-link">
                

                    <div>
                        <div class="image-container">
                            
                                <img src="https://bilder.kolonial.no/produkter/84db5503-8b44-46b8-a88a-a7c8bece18f5.png?fill=solid&amp;fill-color=ffffff&amp;fit=fill&amp;h=140&amp;w=140&amp;s=43d901320b23f6576f51246bf1180bbb" alt="Knekkebrød Original" width="140" height="140" title="Bilde: © Mesterbakeren / Kolonial.no" srcset="https://bilder.kolonial.no/produkter/84db5503-8b44-46b8-a88a-a7c8bece18f5.png?fill=solid&amp;fill-color=ffffff&amp;fit=fill&amp;h=140&amp;w=140&amp;s=43d901320b23f6576f51246bf1180bbb 1x, https://bilder.kolonial.no/produkter/84db5503-8b44-46b8-a88a-a7c8bece18f5.png?fill=solid&amp;fill-color=ffffff&amp;fit=fill&amp;h=280&amp;w=280&amp;s=49f213216e3cd1389398302d7144e4e9 2x" />
                            

                            
                            

                            <div class="product-classifiers">
                                

                                

                                

                                

                                

                                

                                

                                

                                

                                
                                    
                                

                            </div>

                        </div>
                    </div>

                    <p class="price label label-price">
                        kr 41,20
                    </p>

                    
                        <p class="unit-price">
                            kr 3,43 per stk
                        </p>
                    

                    <h3 class="name">
                        <div class="name-main wrap-two-lines">Knekkebrød Original</div>
                        <div class="name-extra wrap-one-line">
                            

                            12 stk
                        </div>
                    </h3>

                    

                        

                    

                
                    </a>
                

                <div class="buttons">

                    
                        
                            <div class="add-to-cart-group" data-product="13549" >
                                <div class="not-in-cart">
                                    <button type="button"
                                        class=" add-to-cart btn btn-sm btn-primary"
                                        data-action="add-to-cart"
                                        data-product="13549"
                                        data-quantity="1"
                                        data-to-list="cart"
                                        aria-label="Kjøp Knekkebrød Original 12 stk"
                                        
                                        
                                        data-tr-location="Product Category Parent"
                                        >
                                        Kjøp
                                    </button>
                                </div>
                                <div class="in-cart">
                                    <button type="button"
                                        class=" cart-quantity-change position-1"
                                        data-action="add-to-cart"
                                        data-product="13549"
                                        data-quantity="-1"
                                        data-to-list="cart"
                                        aria-label="Fjern 1 Knekkebrød Original fra handlekurven"
                                        title="Fjern 1 Knekkebrød Original fra handlekurven"
                                        
                                        
                                        data-tr-location="Product Category Parent"
                                        >
                                        <svg xmlns="http://www.w3.org/2000/svg" xmlns:xlink="http://www.w3.org/1999/xlink" version="1.1" class="icon icon-minus" y="0" viewBox="0 0 45 45" enable-background="new 0 0 45 45" xml:space="preserve" aria-label="Minus-symbol">
    <rect class="fill" x="0" y="19.6" width="45" height="5.8"/>
</svg>

                                    </button>
                                    <button type="button"
                                        class=" cart-quantity-change position-3"
                                        data-action="add-to-cart"
                                        data-product="13549"
                                        data-quantity="1"
                                        data-to-list="cart"
                                        aria-label="Legg til 1 Knekkebrød Original i handlekurven"
                                        title="Legg til 1 Knekkebrød Original i handlekurven"
                                        
                                        
                                        data-tr-location="Product Category Parent"
                                        >
                                        <svg xmlns="http://www.w3.org/2000/svg" xmlns:xlink="http://www.w3.org/1999/xlink" version="1.1" class="icon icon-plus" x="0" y="0" viewBox="0 0 45 45" enable-background="new 0 0 45 45" xml:space="preserve" aria-label="Pluss-symbol">
    <polygon class="fill" points="45 19.6 25.4 19.6 25.4 0 19.6 0 19.6 19.6 0 19.6 0 25.4 19.6 25.4 19.6 45 25.4 45 25.4 25.4 45 25.4 "/>
</svg>

                                    </button>
                                    <div class="cart-quantity position-2" title="Antall i handlekurven">
                                        
                                    </div>
                                </div>
                            </div>
                        
                    

                </div>

        </div>
    </div>



        

    

        
            
        

        
        

            


    <div class="col-xs-6 col-sm-3 col-md-2">
        <div class="product-list-item ">

                


                
                


                
                    <a data-app-open-native href="/produkter/15474-brisk-lavkarbo-knekkebrod-glutenfri/" class="modal-link">
                

                    <div>
                        <div class="image-container">
                            
                                <img src="https://bilder.kolonial.no/produkter/701d980e-e8ec-44eb-ab3c-ebe373daa0f9.jpg?fill=solid&amp;fill-color=ffffff&amp;fit=fill&amp;h=140&amp;w=140&amp;s=3c55058f9637818a5f7e4eaadc2d415d" alt="Lavkarbo-Knekkebrød" width="140" height="140" title="Bilde: © Brisk / Kolonial.no" srcset="https://bilder.kolonial.no/produkter/701d980e-e8ec-44eb-ab3c-ebe373daa0f9.jpg?fill=solid&amp;fill-color=ffffff&amp;fit=fill&amp;h=140&amp;w=140&amp;s=3c55058f9637818a5f7e4eaadc2d415d 1x, https://bilder.kolonial.no/produkter/701d980e-e8ec-44eb-ab3c-ebe373daa0f9.jpg?fill=solid&amp;fill-color=ffffff&amp;fit=fill&amp;h=280&amp;w=280&amp;s=cd47d4ce2edb07d32b626480d74a9ca5 2x" />
                            

                            
                            

                            <div class="product-classifiers">
                                

                                

                                

                                

                                

                                

                                

                                

                                

                                
                                    
                                

                            </div>

                        </div>
                    </div>

                    <p class="price label label-price">
                        kr 39,40
                    </p>

                    
                        <p class="unit-price">
                            kr 262,67 per kg
                        </p>
                    

                    <h3 class="name">
                        <div class="name-main wrap-two-lines">Lavkarbo-Knekkebrød</div>
                        <div class="name-extra wrap-one-line">
                            

                            Glutenfri, 150 g
                        </div>
                    </h3>

                    

                        

                    

                
                    </a>
                

                <div class="buttons">

                    
                        
                            <div class="add-to-cart-group" data-product="15474" >
                                <div class="not-in-cart">
                                    <button type="button"
                                        class=" add-to-cart btn btn-sm btn-primary"
                                        data-action="add-to-cart"
                                        data-product="15474"
                                        data-quantity="1"
                                        data-to-list="cart"
                                        aria-label="Kjøp Lavkarbo-Knekkebrød Glutenfri, 150 g"
                                        
                                        
                                        data-tr-location="Product Category Parent"
                                        >
                                        Kjøp
                                    </button>
                                </div>
                                <div class="in-cart">
                                    <button type="button"
                                        class=" cart-quantity-change position-1"
                                        data-action="add-to-cart"
                                        data-product="15474"
                                        data-quantity="-1"
                                        data-to-list="cart"
                                        aria-label="Fjern 1 Lavkarbo-Knekkebrød fra handlekurven"
                                        title="Fjern 1 Lavkarbo-Knekkebrød fra handlekurven"
                                        
                                        
                                        data-tr-location="Product Category Parent"
                                        >
                                        <svg xmlns="http://www.w3.org/2000/svg" xmlns:xlink="http://www.w3.org/1999/xlink" version="1.1" class="icon icon-minus" y="0" viewBox="0 0 45 45" enable-background="new 0 0 45 45" xml:space="preserve" aria-label="Minus-symbol">
    <rect class="fill" x="0" y="19.6" width="45" height="5.8"/>
</svg>

                                    </button>
                                    <button type="button"
                                        class=" cart-quantity-change position-3"
                                        data-action="add-to-cart"
                                        data-product="15474"
                                        data-quantity="1"
                                        data-to-list="cart"
                                        aria-label="Legg til 1 Lavkarbo-Knekkebrød i handlekurven"
                                        title="Legg til 1 Lavkarbo-Knekkebrød i handlekurven"
                                        
                                        
                                        data-tr-location="Product Category Parent"
                                        >
                                        <svg xmlns="http://www.w3.org/2000/svg" xmlns:xlink="http://www.w3.org/1999/xlink" version="1.1" class="icon icon-plus" x="0" y="0" viewBox="0 0 45 45" enable-background="new 0 0 45 45" xml:space="preserve" aria-label="Pluss-symbol">
    <polygon class="fill" points="45 19.6 25.4 19.6 25.4 0 19.6 0 19.6 19.6 0 19.6 0 25.4 19.6 25.4 19.6 45 25.4 45 25.4 25.4 45 25.4 "/>
</svg>

                                    </button>
                                    <div class="cart-quantity position-2" title="Antall i handlekurven">
                                        
                                    </div>
                                </div>
                            </div>
                        
                    

                </div>

        </div>
    </div>



        

    
</div>


    





                        
                    </div>
                
                    <h4 class="child-category-headline">
                        <a class="headline" href="/kategorier/1-brod-og-frokostblandinger/6-polse-og-hamburgerbrod-lomper/">Pølse- og hamburgerbrød, lomper</a>
                        <a href="/kategorier/1-brod-og-frokostblandinger/6-polse-og-hamburgerbrod-lomper/" class="btn btn-text-only pull-right">
                            <span class="hidden-xs">Vis alle i Pølse- og hamburgerbrød, lomper</span>
                            <span aria-label="Vis alle i Pølse- og hamburgerbrød, lomper" class="visible-xs-inline">Vis alle</span>
                            <span class="glyphicon glyphicon glyphicon-menu-right"></span>
                        </a>
                    </h4>

                    <div class="product-category-list ws-xs">
                        
                            
<div class="row">
    

        
            
        

        
        

            


    <div class="col-xs-6 col-sm-3 col-md-2">
        <div class="product-list-item ">

                


                
                


                
                    <a data-app-open-native href="/produkter/31793-brodverket-ferske-brioche-hamburgerbrod/" class="modal-link">
                

                    <div>
                        <div class="image-container">
                            
                                <img src="https://bilder.kolonial.no/produkter/769062ed-0ce8-4cf3-bcca-d2acec497de0.jpg?fill=solid&amp;fill-color=ffffff&amp;fit=fill&amp;h=140&amp;w=140&amp;s=ba117a57a23e0775cdef6a10c523779d" alt="Ferske Brioche Hamburgerbrød" width="140" height="140" title="Bilde: © Brødverket / Kolonial.no" srcset="https://bilder.kolonial.no/produkter/769062ed-0ce8-4cf3-bcca-d2acec497de0.jpg?fill=solid&amp;fill-color=ffffff&amp;fit=fill&amp;h=140&amp;w=140&amp;s=ba117a57a23e0775cdef6a10c523779d 1x, https://bilder.kolonial.no/produkter/769062ed-0ce8-4cf3-bcca-d2acec497de0.jpg?fill=solid&amp;fill-color=ffffff&amp;fit=fill&amp;h=280&amp;w=280&amp;s=67ad0154623adc8da59ce849bd5a3964 2x" />
                            

                            
                            

                            <div class="product-classifiers">
                                

                                

                                

                                

                                

                                

                                

                                

                                

                                
                                    
                                

                            </div>

                        </div>
                    </div>

                    <p class="price label label-price">
                        kr 29,90
                    </p>

                    
                        <p class="unit-price">
                            kr 83,06 per kg
                        </p>
                    

                    <h3 class="name">
                        <div class="name-main wrap-two-lines">Ferske Brioche Hamburgerbrød</div>
                        <div class="name-extra wrap-one-line">
                            

                            4 stk
                        </div>
                    </h3>

                    

                        

                    

                
                    </a>
                

                <div class="buttons">

                    
                        
                            <div class="add-to-cart-group" data-product="31793" >
                                <div class="not-in-cart">
                                    <button type="button"
                                        class=" add-to-cart btn btn-sm btn-primary"
                                        data-action="add-to-cart"
                                        data-product="31793"
                                        data-quantity="1"
                                        data-to-list="cart"
                                        aria-label="Kjøp Ferske Brioche Hamburgerbrød 4 stk"
                                        
                                        
                                        data-tr-location="Product Category Parent"
                                        >
                                        Kjøp
                                    </button>
                                </div>
                                <div class="in-cart">
                                    <button type="button"
                                        class=" cart-quantity-change position-1"
                                        data-action="add-to-cart"
                                        data-product="31793"
                                        data-quantity="-1"
                                        data-to-list="cart"
                                        aria-label="Fjern 1 Ferske Brioche Hamburgerbrød fra handlekurven"
                                        title="Fjern 1 Ferske Brioche Hamburgerbrød fra handlekurven"
                                        
                                        
                                        data-tr-location="Product Category Parent"
                                        >
                                        <svg xmlns="http://www.w3.org/2000/svg" xmlns:xlink="http://www.w3.org/1999/xlink" version="1.1" class="icon icon-minus" y="0" viewBox="0 0 45 45" enable-background="new 0 0 45 45" xml:space="preserve" aria-label="Minus-symbol">
    <rect class="fill" x="0" y="19.6" width="45" height="5.8"/>
</svg>

                                    </button>
                                    <button type="button"
                                        class=" cart-quantity-change position-3"
                                        data-action="add-to-cart"
                                        data-product="31793"
                                        data-quantity="1"
                                        data-to-list="cart"
                                        aria-label="Legg til 1 Ferske Brioche Hamburgerbrød i handlekurven"
                                        title="Legg til 1 Ferske Brioche Hamburgerbrød i handlekurven"
                                        
                                        
                                        data-tr-location="Product Category Parent"
                                        >
                                        <svg xmlns="http://www.w3.org/2000/svg" xmlns:xlink="http://www.w3.org/1999/xlink" version="1.1" class="icon icon-plus" x="0" y="0" viewBox="0 0 45 45" enable-background="new 0 0 45 45" xml:space="preserve" aria-label="Pluss-symbol">
    <polygon class="fill" points="45 19.6 25.4 19.6 25.4 0 19.6 0 19.6 19.6 0 19.6 0 25.4 19.6 25.4 19.6 45 25.4 45 25.4 25.4 45 25.4 "/>
</svg>

                                    </button>
                                    <div class="cart-quantity position-2" title="Antall i handlekurven">
                                        
                                    </div>
                                </div>
                            </div>
                        
                    

                </div>

        </div>
    </div>



        

    

        
            
        

        
        

            


    <div class="col-xs-6 col-sm-3 col-md-2">
        <div class="product-list-item ">

                


                
                


                
                    <a data-app-open-native href="/produkter/11596-buer-lomper-buer-10-stk/" class="modal-link">
                

                    <div>
                        <div class="image-container">
                            
                                <img src="https://bilder.kolonial.no/produkter/c5e7cfec-caec-4526-aa96-36f121657b31.jpeg?fill=solid&amp;fill-color=ffffff&amp;fit=fill&amp;h=140&amp;w=140&amp;s=47f55e52449728ca93d52f363568a00b" alt="Lomper Buer" width="140" height="140" title="Bilde: © Buer / Kolonial.no" srcset="https://bilder.kolonial.no/produkter/c5e7cfec-caec-4526-aa96-36f121657b31.jpeg?fill=solid&amp;fill-color=ffffff&amp;fit=fill&amp;h=140&amp;w=140&amp;s=47f55e52449728ca93d52f363568a00b 1x, https://bilder.kolonial.no/produkter/c5e7cfec-caec-4526-aa96-36f121657b31.jpeg?fill=solid&amp;fill-color=ffffff&amp;fit=fill&amp;h=280&amp;w=280&amp;s=76d13cf1b6b33ac61c6db57b023365bc 2x" />
                            

                            
                            

                            <div class="product-classifiers">
                                

                                

                                

                                
                                    <div class="enjoy_norway" title="Produktet er merket Nyt Norge">
                                        <p class="sr-only">
                                            Nyt Norge
                                        </p>
                                    </div>
                                

                                

                                

                                

                                

                                

                                
                                    
                                        <div class="expiry" title="Vi garanterer 3 dagers holdbarhet på dette produktet">
                                            <p>
                                                3+
                                            </p>
                                        </div>
                                    
                                

                            </div>

                        </div>
                    </div>

                    <p class="price label label-price">
                        kr 13,40
                    </p>

                    
                        <p class="unit-price">
                            kr 51,54 per kg
                        </p>
                    

                    <h3 class="name">
                        <div class="name-main wrap-two-lines">Lomper Buer</div>
                        <div class="name-extra wrap-one-line">
                            

                            10 stk, 260 g
                        </div>
                    </h3>

                    

                        

                    

                
                    </a>
                

                <div class="buttons">

                    
                        
                            <div class="add-to-cart-group" data-product="11596" >
                                <div class="not-in-cart">
                                    <button type="button"
                                        class=" add-to-cart btn btn-sm btn-primary"
                                        data-action="add-to-cart"
                                        data-product="11596"
                                        data-quantity="1"
                                        data-to-list="cart"
                                        aria-label="Kjøp Lomper Buer 10 stk, 260 g"
                                        
                                        
                                        data-tr-location="Product Category Parent"
                                        >
                                        Kjøp
                                    </button>
                                </div>
                                <div class="in-cart">
                                    <button type="button"
                                        class=" cart-quantity-change position-1"
                                        data-action="add-to-cart"
                                        data-product="11596"
                                        data-quantity="-1"
                                        data-to-list="cart"
                                        aria-label="Fjern 1 Lomper Buer fra handlekurven"
                                        title="Fjern 1 Lomper Buer fra handlekurven"
                                        
                                        
                                        data-tr-location="Product Category Parent"
                                        >
                                        <svg xmlns="http://www.w3.org/2000/svg" xmlns:xlink="http://www.w3.org/1999/xlink" version="1.1" class="icon icon-minus" y="0" viewBox="0 0 45 45" enable-background="new 0 0 45 45" xml:space="preserve" aria-label="Minus-symbol">
    <rect class="fill" x="0" y="19.6" width="45" height="5.8"/>
</svg>

                                    </button>
                                    <button type="button"
                                        class=" cart-quantity-change position-3"
                                        data-action="add-to-cart"
                                        data-product="11596"
                                        data-quantity="1"
                                        data-to-list="cart"
                                        aria-label="Legg til 1 Lomper Buer i handlekurven"
                                        title="Legg til 1 Lomper Buer i handlekurven"
                                        
                                        
                                        data-tr-location="Product Category Parent"
                                        >
                                        <svg xmlns="http://www.w3.org/2000/svg" xmlns:xlink="http://www.w3.org/1999/xlink" version="1.1" class="icon icon-plus" x="0" y="0" viewBox="0 0 45 45" enable-background="new 0 0 45 45" xml:space="preserve" aria-label="Pluss-symbol">
    <polygon class="fill" points="45 19.6 25.4 19.6 25.4 0 19.6 0 19.6 19.6 0 19.6 0 25.4 19.6 25.4 19.6 45 25.4 45 25.4 25.4 45 25.4 "/>
</svg>

                                    </button>
                                    <div class="cart-quantity position-2" title="Antall i handlekurven">
                                        
                                    </div>
                                </div>
                            </div>
                        
                    

                </div>

        </div>
    </div>



        

    

        
            
        

        
        

            


    <div class="col-xs-6 col-sm-3 col-md-2">
        <div class="product-list-item ">

                


                
                


                
                    <a data-app-open-native href="/produkter/11593-buer-store-speltlomper-buer-8-stk/" class="modal-link">
                

                    <div>
                        <div class="image-container">
                            
                                <img src="https://bilder.kolonial.no/produkter/e0b123a2-d2af-4588-ab75-e59665d6cdf0.jpeg?fill=solid&amp;fill-color=ffffff&amp;fit=fill&amp;h=140&amp;w=140&amp;s=630d711034ea4379c0d8bc172bcec6d0" alt="Store Speltlomper Buer" width="140" height="140" title="Bilde: © Buer / Kolonial.no" srcset="https://bilder.kolonial.no/produkter/e0b123a2-d2af-4588-ab75-e59665d6cdf0.jpeg?fill=solid&amp;fill-color=ffffff&amp;fit=fill&amp;h=140&amp;w=140&amp;s=630d711034ea4379c0d8bc172bcec6d0 1x, https://bilder.kolonial.no/produkter/e0b123a2-d2af-4588-ab75-e59665d6cdf0.jpeg?fill=solid&amp;fill-color=ffffff&amp;fit=fill&amp;h=280&amp;w=280&amp;s=409473b5e4ca139dbd205f077b4f8e7b 2x" />
                            

                            
                            

                            <div class="product-classifiers">
                                

                                

                                

                                

                                

                                

                                

                                

                                

                                
                                    
                                        <div class="expiry" title="Vi garanterer 3 dagers holdbarhet på dette produktet">
                                            <p>
                                                3+
                                            </p>
                                        </div>
                                    
                                

                            </div>

                        </div>
                    </div>

                    <p class="price label label-price">
                        kr 27,80
                    </p>

                    
                        <p class="unit-price">
                            kr 102,96 per kg
                        </p>
                    

                    <h3 class="name">
                        <div class="name-main wrap-two-lines">Store Speltlomper Buer</div>
                        <div class="name-extra wrap-one-line">
                            

                            8 stk, 270 g
                        </div>
                    </h3>

                    

                        

                    

                
                    </a>
                

                <div class="buttons">

                    
                        
                            <div class="add-to-cart-group" data-product="11593" >
                                <div class="not-in-cart">
                                    <button type="button"
                                        class=" add-to-cart btn btn-sm btn-primary"
                                        data-action="add-to-cart"
                                        data-product="11593"
                                        data-quantity="1"
                                        data-to-list="cart"
                                        aria-label="Kjøp Store Speltlomper Buer 8 stk, 270 g"
                                        
                                        
                                        data-tr-location="Product Category Parent"
                                        >
                                        Kjøp
                                    </button>
                                </div>
                                <div class="in-cart">
                                    <button type="button"
                                        class=" cart-quantity-change position-1"
                                        data-action="add-to-cart"
                                        data-product="11593"
                                        data-quantity="-1"
                                        data-to-list="cart"
                                        aria-label="Fjern 1 Store Speltlomper Buer fra handlekurven"
                                        title="Fjern 1 Store Speltlomper Buer fra handlekurven"
                                        
                                        
                                        data-tr-location="Product Category Parent"
                                        >
                                        <svg xmlns="http://www.w3.org/2000/svg" xmlns:xlink="http://www.w3.org/1999/xlink" version="1.1" class="icon icon-minus" y="0" viewBox="0 0 45 45" enable-background="new 0 0 45 45" xml:space="preserve" aria-label="Minus-symbol">
    <rect class="fill" x="0" y="19.6" width="45" height="5.8"/>
</svg>

                                    </button>
                                    <button type="button"
                                        class=" cart-quantity-change position-3"
                                        data-action="add-to-cart"
                                        data-product="11593"
                                        data-quantity="1"
                                        data-to-list="cart"
                                        aria-label="Legg til 1 Store Speltlomper Buer i handlekurven"
                                        title="Legg til 1 Store Speltlomper Buer i handlekurven"
                                        
                                        
                                        data-tr-location="Product Category Parent"
                                        >
                                        <svg xmlns="http://www.w3.org/2000/svg" xmlns:xlink="http://www.w3.org/1999/xlink" version="1.1" class="icon icon-plus" x="0" y="0" viewBox="0 0 45 45" enable-background="new 0 0 45 45" xml:space="preserve" aria-label="Pluss-symbol">
    <polygon class="fill" points="45 19.6 25.4 19.6 25.4 0 19.6 0 19.6 19.6 0 19.6 0 25.4 19.6 25.4 19.6 45 25.4 45 25.4 25.4 45 25.4 "/>
</svg>

                                    </button>
                                    <div class="cart-quantity position-2" title="Antall i handlekurven">
                                        
                                    </div>
                                </div>
                            </div>
                        
                    

                </div>

        </div>
    </div>



        

    

        
            
        

        
        

            


    <div class="col-xs-6 col-sm-3 col-md-2">
        <div class="product-list-item ">

                


                
                


                
                    <a data-app-open-native href="/produkter/16621-buer-birgers-beste-lefser-5-stk/" class="modal-link">
                

                    <div>
                        <div class="image-container">
                            
                                <img src="https://bilder.kolonial.no/produkter/75eb4ca2-c747-4ea1-bed2-4d4a67db482c.jpeg?fill=solid&amp;fill-color=ffffff&amp;fit=fill&amp;h=140&amp;w=140&amp;s=d545dcd63167aa7c1af8e493624f6603" alt="Birgers Beste Lefser" width="140" height="140" title="Bilde: © Buer / Kolonial.no" srcset="https://bilder.kolonial.no/produkter/75eb4ca2-c747-4ea1-bed2-4d4a67db482c.jpeg?fill=solid&amp;fill-color=ffffff&amp;fit=fill&amp;h=140&amp;w=140&amp;s=d545dcd63167aa7c1af8e493624f6603 1x, https://bilder.kolonial.no/produkter/75eb4ca2-c747-4ea1-bed2-4d4a67db482c.jpeg?fill=solid&amp;fill-color=ffffff&amp;fit=fill&amp;h=280&amp;w=280&amp;s=5cf4849270719882af6eb9be110d7766 2x" />
                            

                            
                            

                            <div class="product-classifiers">
                                

                                

                                

                                
                                    <div class="enjoy_norway" title="Produktet er merket Nyt Norge">
                                        <p class="sr-only">
                                            Nyt Norge
                                        </p>
                                    </div>
                                

                                

                                

                                

                                

                                

                                
                                    
                                        <div class="expiry" title="Vi garanterer 3 dagers holdbarhet på dette produktet">
                                            <p>
                                                3+
                                            </p>
                                        </div>
                                    
                                

                            </div>

                        </div>
                    </div>

                    <p class="price label label-price">
                        kr 30,80
                    </p>

                    
                        <p class="unit-price">
                            kr 6,16 per stk
                        </p>
                    

                    <h3 class="name">
                        <div class="name-main wrap-two-lines">Birgers Beste Lefser</div>
                        <div class="name-extra wrap-one-line">
                            

                            5 stk, 5 stk
                        </div>
                    </h3>

                    

                        

                    

                
                    </a>
                

                <div class="buttons">

                    
                        
                            <div class="add-to-cart-group" data-product="16621" >
                                <div class="not-in-cart">
                                    <button type="button"
                                        class=" add-to-cart btn btn-sm btn-primary"
                                        data-action="add-to-cart"
                                        data-product="16621"
                                        data-quantity="1"
                                        data-to-list="cart"
                                        aria-label="Kjøp Birgers Beste Lefser 5 stk, 5 stk"
                                        
                                        
                                        data-tr-location="Product Category Parent"
                                        >
                                        Kjøp
                                    </button>
                                </div>
                                <div class="in-cart">
                                    <button type="button"
                                        class=" cart-quantity-change position-1"
                                        data-action="add-to-cart"
                                        data-product="16621"
                                        data-quantity="-1"
                                        data-to-list="cart"
                                        aria-label="Fjern 1 Birgers Beste Lefser fra handlekurven"
                                        title="Fjern 1 Birgers Beste Lefser fra handlekurven"
                                        
                                        
                                        data-tr-location="Product Category Parent"
                                        >
                                        <svg xmlns="http://www.w3.org/2000/svg" xmlns:xlink="http://www.w3.org/1999/xlink" version="1.1" class="icon icon-minus" y="0" viewBox="0 0 45 45" enable-background="new 0 0 45 45" xml:space="preserve" aria-label="Minus-symbol">
    <rect class="fill" x="0" y="19.6" width="45" height="5.8"/>
</svg>

                                    </button>
                                    <button type="button"
                                        class=" cart-quantity-change position-3"
                                        data-action="add-to-cart"
                                        data-product="16621"
                                        data-quantity="1"
                                        data-to-list="cart"
                                        aria-label="Legg til 1 Birgers Beste Lefser i handlekurven"
                                        title="Legg til 1 Birgers Beste Lefser i handlekurven"
                                        
                                        
                                        data-tr-location="Product Category Parent"
                                        >
                                        <svg xmlns="http://www.w3.org/2000/svg" xmlns:xlink="http://www.w3.org/1999/xlink" version="1.1" class="icon icon-plus" x="0" y="0" viewBox="0 0 45 45" enable-background="new 0 0 45 45" xml:space="preserve" aria-label="Pluss-symbol">
    <polygon class="fill" points="45 19.6 25.4 19.6 25.4 0 19.6 0 19.6 19.6 0 19.6 0 25.4 19.6 25.4 19.6 45 25.4 45 25.4 25.4 45 25.4 "/>
</svg>

                                    </button>
                                    <div class="cart-quantity position-2" title="Antall i handlekurven">
                                        
                                    </div>
                                </div>
                            </div>
                        
                    

                </div>

        </div>
    </div>



        

    

        
            
        

        
        

            


    <div class="col-xs-6 col-sm-3 col-md-2">
        <div class="product-list-item ">

                


                
                


                
                    <a data-app-open-native href="/produkter/25225-havrelomper-store-8-stk/" class="modal-link">
                

                    <div>
                        <div class="image-container">
                            
                                <img src="https://bilder.kolonial.no/produkter/45ce1b2a-8e41-4774-8660-03dfab8f8794.jpg?fill=solid&amp;fill-color=ffffff&amp;fit=fill&amp;h=140&amp;w=140&amp;s=d48442a86ab1bdd2937191d03b6d6435" alt="Havrelomper Store" width="140" height="140" srcset="https://bilder.kolonial.no/produkter/45ce1b2a-8e41-4774-8660-03dfab8f8794.jpg?fill=solid&amp;fill-color=ffffff&amp;fit=fill&amp;h=140&amp;w=140&amp;s=d48442a86ab1bdd2937191d03b6d6435 1x, https://bilder.kolonial.no/produkter/45ce1b2a-8e41-4774-8660-03dfab8f8794.jpg?fill=solid&amp;fill-color=ffffff&amp;fit=fill&amp;h=280&amp;w=280&amp;s=7d1179c471c8bb6039b77994443326e1 2x" />
                            

                            
                            

                            <div class="product-classifiers">
                                

                                

                                

                                
                                    <div class="enjoy_norway" title="Produktet er merket Nyt Norge">
                                        <p class="sr-only">
                                            Nyt Norge
                                        </p>
                                    </div>
                                

                                

                                

                                

                                

                                

                                
                                    
                                        <div class="expiry" title="Vi garanterer 3 dagers holdbarhet på dette produktet">
                                            <p>
                                                3+
                                            </p>
                                        </div>
                                    
                                

                            </div>

                        </div>
                    </div>

                    <p class="price label label-price">
                        kr 24,90
                    </p>

                    
                        <p class="unit-price">
                            kr 88,93 per kg
                        </p>
                    

                    <h3 class="name">
                        <div class="name-main wrap-two-lines">Havrelomper Store</div>
                        <div class="name-extra wrap-one-line">
                            

                            8 stk, 280 g
                        </div>
                    </h3>

                    

                        

                    

                
                    </a>
                

                <div class="buttons">

                    
                        
                            <div class="add-to-cart-group" data-product="25225" >
                                <div class="not-in-cart">
                                    <button type="button"
                                        class=" add-to-cart btn btn-sm btn-primary"
                                        data-action="add-to-cart"
                                        data-product="25225"
                                        data-quantity="1"
                                        data-to-list="cart"
                                        aria-label="Kjøp Havrelomper Store 8 stk, 280 g"
                                        
                                        
                                        data-tr-location="Product Category Parent"
                                        >
                                        Kjøp
                                    </button>
                                </div>
                                <div class="in-cart">
                                    <button type="button"
                                        class=" cart-quantity-change position-1"
                                        data-action="add-to-cart"
                                        data-product="25225"
                                        data-quantity="-1"
                                        data-to-list="cart"
                                        aria-label="Fjern 1 Havrelomper Store fra handlekurven"
                                        title="Fjern 1 Havrelomper Store fra handlekurven"
                                        
                                        
                                        data-tr-location="Product Category Parent"
                                        >
                                        <svg xmlns="http://www.w3.org/2000/svg" xmlns:xlink="http://www.w3.org/1999/xlink" version="1.1" class="icon icon-minus" y="0" viewBox="0 0 45 45" enable-background="new 0 0 45 45" xml:space="preserve" aria-label="Minus-symbol">
    <rect class="fill" x="0" y="19.6" width="45" height="5.8"/>
</svg>

                                    </button>
                                    <button type="button"
                                        class=" cart-quantity-change position-3"
                                        data-action="add-to-cart"
                                        data-product="25225"
                                        data-quantity="1"
                                        data-to-list="cart"
                                        aria-label="Legg til 1 Havrelomper Store i handlekurven"
                                        title="Legg til 1 Havrelomper Store i handlekurven"
                                        
                                        
                                        data-tr-location="Product Category Parent"
                                        >
                                        <svg xmlns="http://www.w3.org/2000/svg" xmlns:xlink="http://www.w3.org/1999/xlink" version="1.1" class="icon icon-plus" x="0" y="0" viewBox="0 0 45 45" enable-background="new 0 0 45 45" xml:space="preserve" aria-label="Pluss-symbol">
    <polygon class="fill" points="45 19.6 25.4 19.6 25.4 0 19.6 0 19.6 19.6 0 19.6 0 25.4 19.6 25.4 19.6 45 25.4 45 25.4 25.4 45 25.4 "/>
</svg>

                                    </button>
                                    <div class="cart-quantity position-2" title="Antall i handlekurven">
                                        
                                    </div>
                                </div>
                            </div>
                        
                    

                </div>

        </div>
    </div>



        

    

        
            
        

        
        

            


    <div class="col-xs-6 col-sm-3 col-md-2">
        <div class="product-list-item ">

                


                
                


                
                    <a data-app-open-native href="/produkter/28916-hatting-true-style-bistro-polsebrod-6-stk/" class="modal-link">
                

                    <div>
                        <div class="image-container">
                            
                                <img src="https://bilder.kolonial.no/produkter/f61e3274-13da-40c0-b18b-a762085a6d98.jpeg?fill=solid&amp;fill-color=ffffff&amp;fit=fill&amp;h=140&amp;w=140&amp;s=fa0d5ead4c4fb688f454205d3fe3aba8" alt="True Style Bistro Pølsebrød" width="140" height="140" title="Bilde: © Hatting / Kolonial.no" srcset="https://bilder.kolonial.no/produkter/f61e3274-13da-40c0-b18b-a762085a6d98.jpeg?fill=solid&amp;fill-color=ffffff&amp;fit=fill&amp;h=140&amp;w=140&amp;s=fa0d5ead4c4fb688f454205d3fe3aba8 1x, https://bilder.kolonial.no/produkter/f61e3274-13da-40c0-b18b-a762085a6d98.jpeg?fill=solid&amp;fill-color=ffffff&amp;fit=fill&amp;h=280&amp;w=280&amp;s=13b82aaae6c860488d41d0511b16fd33 2x" />
                            

                            
                            

                            <div class="product-classifiers">
                                

                                

                                

                                

                                

                                

                                

                                
                                    <div class="bread-scale-1" title="Produktet er Fint på Grovhetsskalaen">
                                        <p class="sr-only">
                                            Fint
                                        </p>
                                    </div>
                                

                                
                                    <div class="frozen" title="Produktet er en frysevare">
                                        <p class="sr-only">
                                            Frysevare
                                        </p>
                                    </div>
                                

                                
                                    
                                

                            </div>

                        </div>
                    </div>

                    <p class="price label label-price">
                        kr 31,40
                    </p>

                    
                        <p class="unit-price">
                            kr 104,67 per kg
                        </p>
                    

                    <h3 class="name">
                        <div class="name-main wrap-two-lines">True Style Bistro Pølsebrød</div>
                        <div class="name-extra wrap-one-line">
                            

                            6 stk, 300 g
                        </div>
                    </h3>

                    

                        

                    

                
                    </a>
                

                <div class="buttons">

                    
                        
                            <div class="add-to-cart-group" data-product="28916" >
                                <div class="not-in-cart">
                                    <button type="button"
                                        class=" add-to-cart btn btn-sm btn-primary"
                                        data-action="add-to-cart"
                                        data-product="28916"
                                        data-quantity="1"
                                        data-to-list="cart"
                                        aria-label="Kjøp True Style Bistro Pølsebrød 6 stk, 300 g"
                                        
                                        
                                        data-tr-location="Product Category Parent"
                                        >
                                        Kjøp
                                    </button>
                                </div>
                                <div class="in-cart">
                                    <button type="button"
                                        class=" cart-quantity-change position-1"
                                        data-action="add-to-cart"
                                        data-product="28916"
                                        data-quantity="-1"
                                        data-to-list="cart"
                                        aria-label="Fjern 1 True Style Bistro Pølsebrød fra handlekurven"
                                        title="Fjern 1 True Style Bistro Pølsebrød fra handlekurven"
                                        
                                        
                                        data-tr-location="Product Category Parent"
                                        >
                                        <svg xmlns="http://www.w3.org/2000/svg" xmlns:xlink="http://www.w3.org/1999/xlink" version="1.1" class="icon icon-minus" y="0" viewBox="0 0 45 45" enable-background="new 0 0 45 45" xml:space="preserve" aria-label="Minus-symbol">
    <rect class="fill" x="0" y="19.6" width="45" height="5.8"/>
</svg>

                                    </button>
                                    <button type="button"
                                        class=" cart-quantity-change position-3"
                                        data-action="add-to-cart"
                                        data-product="28916"
                                        data-quantity="1"
                                        data-to-list="cart"
                                        aria-label="Legg til 1 True Style Bistro Pølsebrød i handlekurven"
                                        title="Legg til 1 True Style Bistro Pølsebrød i handlekurven"
                                        
                                        
                                        data-tr-location="Product Category Parent"
                                        >
                                        <svg xmlns="http://www.w3.org/2000/svg" xmlns:xlink="http://www.w3.org/1999/xlink" version="1.1" class="icon icon-plus" x="0" y="0" viewBox="0 0 45 45" enable-background="new 0 0 45 45" xml:space="preserve" aria-label="Pluss-symbol">
    <polygon class="fill" points="45 19.6 25.4 19.6 25.4 0 19.6 0 19.6 19.6 0 19.6 0 25.4 19.6 25.4 19.6 45 25.4 45 25.4 25.4 45 25.4 "/>
</svg>

                                    </button>
                                    <div class="cart-quantity position-2" title="Antall i handlekurven">
                                        
                                    </div>
                                </div>
                            </div>
                        
                    

                </div>

        </div>
    </div>



        

    
</div>


    





                        
                    </div>
                
                    <h4 class="child-category-headline">
                        <a class="headline" href="/kategorier/1-brod-og-frokostblandinger/13-frokostblandinger/">Frokostblandinger og gryn</a>
                        <a href="/kategorier/1-brod-og-frokostblandinger/13-frokostblandinger/" class="btn btn-text-only pull-right">
                            <span class="hidden-xs">Vis alle i Frokostblandinger og gryn</span>
                            <span aria-label="Vis alle i Frokostblandinger og gryn" class="visible-xs-inline">Vis alle</span>
                            <span class="glyphicon glyphicon glyphicon-menu-right"></span>
                        </a>
                    </h4>

                    <div class="product-category-list ws-xs">
                        
                            
<div class="row">
    

        
            
        

        
        

            


    <div class="col-xs-6 col-sm-3 col-md-2">
        <div class="product-list-item ">

                


                
                


                
                    <a data-app-open-native href="/produkter/1657-quaker-crusli-solfrokost-650g/" class="modal-link">
                

                    <div>
                        <div class="image-container">
                            
                                <img src="https://bilder.kolonial.no/produkter/f33dfac9-139f-45cd-919c-6a54faf6f179.jpeg?fill=solid&amp;fill-color=ffffff&amp;fit=fill&amp;h=140&amp;w=140&amp;s=25a7cace83ee897c38f6b4da94d49684" alt="Crusli Solfrokost" width="140" height="140" title="Bilde: © Quaker / Kolonial.no" srcset="https://bilder.kolonial.no/produkter/f33dfac9-139f-45cd-919c-6a54faf6f179.jpeg?fill=solid&amp;fill-color=ffffff&amp;fit=fill&amp;h=140&amp;w=140&amp;s=25a7cace83ee897c38f6b4da94d49684 1x, https://bilder.kolonial.no/produkter/f33dfac9-139f-45cd-919c-6a54faf6f179.jpeg?fill=solid&amp;fill-color=ffffff&amp;fit=fill&amp;h=280&amp;w=280&amp;s=95b5b35b8a162bdb6502be517c37c6c2 2x" />
                            

                            
                            

                            <div class="product-classifiers">
                                

                                

                                

                                

                                

                                

                                

                                

                                

                                
                                    
                                

                            </div>

                        </div>
                    </div>

                    <p class="price label label-price">
                        kr 33,70
                    </p>

                    
                        <p class="unit-price">
                            kr 67,40 per kg
                        </p>
                    

                    <h3 class="name">
                        <div class="name-main wrap-two-lines">Crusli Solfrokost</div>
                        <div class="name-extra wrap-one-line">
                            

                            500 g
                        </div>
                    </h3>

                    

                        

                    

                
                    </a>
                

                <div class="buttons">

                    
                        
                            <div class="add-to-cart-group" data-product="1657" >
                                <div class="not-in-cart">
                                    <button type="button"
                                        class=" add-to-cart btn btn-sm btn-primary"
                                        data-action="add-to-cart"
                                        data-product="1657"
                                        data-quantity="1"
                                        data-to-list="cart"
                                        aria-label="Kjøp Crusli Solfrokost 500 g"
                                        
                                        
                                        data-tr-location="Product Category Parent"
                                        >
                                        Kjøp
                                    </button>
                                </div>
                                <div class="in-cart">
                                    <button type="button"
                                        class=" cart-quantity-change position-1"
                                        data-action="add-to-cart"
                                        data-product="1657"
                                        data-quantity="-1"
                                        data-to-list="cart"
                                        aria-label="Fjern 1 Crusli Solfrokost fra handlekurven"
                                        title="Fjern 1 Crusli Solfrokost fra handlekurven"
                                        
                                        
                                        data-tr-location="Product Category Parent"
                                        >
                                        <svg xmlns="http://www.w3.org/2000/svg" xmlns:xlink="http://www.w3.org/1999/xlink" version="1.1" class="icon icon-minus" y="0" viewBox="0 0 45 45" enable-background="new 0 0 45 45" xml:space="preserve" aria-label="Minus-symbol">
    <rect class="fill" x="0" y="19.6" width="45" height="5.8"/>
</svg>

                                    </button>
                                    <button type="button"
                                        class=" cart-quantity-change position-3"
                                        data-action="add-to-cart"
                                        data-product="1657"
                                        data-quantity="1"
                                        data-to-list="cart"
                                        aria-label="Legg til 1 Crusli Solfrokost i handlekurven"
                                        title="Legg til 1 Crusli Solfrokost i handlekurven"
                                        
                                        
                                        data-tr-location="Product Category Parent"
                                        >
                                        <svg xmlns="http://www.w3.org/2000/svg" xmlns:xlink="http://www.w3.org/1999/xlink" version="1.1" class="icon icon-plus" x="0" y="0" viewBox="0 0 45 45" enable-background="new 0 0 45 45" xml:space="preserve" aria-label="Pluss-symbol">
    <polygon class="fill" points="45 19.6 25.4 19.6 25.4 0 19.6 0 19.6 19.6 0 19.6 0 25.4 19.6 25.4 19.6 45 25.4 45 25.4 25.4 45 25.4 "/>
</svg>

                                    </button>
                                    <div class="cart-quantity position-2" title="Antall i handlekurven">
                                        
                                    </div>
                                </div>
                            </div>
                        
                    

                </div>

        </div>
    </div>



        

    

        
            
        

        
        

            


    <div class="col-xs-6 col-sm-3 col-md-2">
        <div class="product-list-item ">

                


                
                


                
                    <a data-app-open-native href="/produkter/131-nestle-cheerios-havre/" class="modal-link">
                

                    <div>
                        <div class="image-container">
                            
                                <img src="https://bilder.kolonial.no/produkter/08825d12-3a9d-41be-9695-d8c9814c46a4.jpeg?fill=solid&amp;fill-color=ffffff&amp;fit=fill&amp;h=140&amp;w=140&amp;s=82694760ab958814261e1c6cb8851eda" alt="Cheerios Havre" width="140" height="140" title="Bilde: © Nestlé / Kolonial.no" srcset="https://bilder.kolonial.no/produkter/08825d12-3a9d-41be-9695-d8c9814c46a4.jpeg?fill=solid&amp;fill-color=ffffff&amp;fit=fill&amp;h=140&amp;w=140&amp;s=82694760ab958814261e1c6cb8851eda 1x, https://bilder.kolonial.no/produkter/08825d12-3a9d-41be-9695-d8c9814c46a4.jpeg?fill=solid&amp;fill-color=ffffff&amp;fit=fill&amp;h=280&amp;w=280&amp;s=5ae58bb65d7bf024835be2a84b1bb791 2x" />
                            

                            
                            

                            <div class="product-classifiers">
                                

                                

                                
                                    <div class="keyhole" title="Produktet er merket med Nøkkelhullet">
                                        <p class="sr-only">
                                            Nøkkelhullet
                                        </p>
                                    </div>
                                

                                

                                

                                

                                

                                

                                

                                
                                    
                                

                            </div>

                        </div>
                    </div>

                    <p class="price label label-price">
                        kr 35,70
                    </p>

                    
                        <p class="unit-price">
                            kr 95,20 per kg
                        </p>
                    

                    <h3 class="name">
                        <div class="name-main wrap-two-lines">Cheerios Havre</div>
                        <div class="name-extra wrap-one-line">
                            

                            375 g
                        </div>
                    </h3>

                    

                        

                    

                
                    </a>
                

                <div class="buttons">

                    
                        
                            <div class="add-to-cart-group" data-product="131" >
                                <div class="not-in-cart">
                                    <button type="button"
                                        class=" add-to-cart btn btn-sm btn-primary"
                                        data-action="add-to-cart"
                                        data-product="131"
                                        data-quantity="1"
                                        data-to-list="cart"
                                        aria-label="Kjøp Cheerios Havre 375 g"
                                        
                                        
                                        data-tr-location="Product Category Parent"
                                        >
                                        Kjøp
                                    </button>
                                </div>
                                <div class="in-cart">
                                    <button type="button"
                                        class=" cart-quantity-change position-1"
                                        data-action="add-to-cart"
                                        data-product="131"
                                        data-quantity="-1"
                                        data-to-list="cart"
                                        aria-label="Fjern 1 Cheerios Havre fra handlekurven"
                                        title="Fjern 1 Cheerios Havre fra handlekurven"
                                        
                                        
                                        data-tr-location="Product Category Parent"
                                        >
                                        <svg xmlns="http://www.w3.org/2000/svg" xmlns:xlink="http://www.w3.org/1999/xlink" version="1.1" class="icon icon-minus" y="0" viewBox="0 0 45 45" enable-background="new 0 0 45 45" xml:space="preserve" aria-label="Minus-symbol">
    <rect class="fill" x="0" y="19.6" width="45" height="5.8"/>
</svg>

                                    </button>
                                    <button type="button"
                                        class=" cart-quantity-change position-3"
                                        data-action="add-to-cart"
                                        data-product="131"
                                        data-quantity="1"
                                        data-to-list="cart"
                                        aria-label="Legg til 1 Cheerios Havre i handlekurven"
                                        title="Legg til 1 Cheerios Havre i handlekurven"
                                        
                                        
                                        data-tr-location="Product Category Parent"
                                        >
                                        <svg xmlns="http://www.w3.org/2000/svg" xmlns:xlink="http://www.w3.org/1999/xlink" version="1.1" class="icon icon-plus" x="0" y="0" viewBox="0 0 45 45" enable-background="new 0 0 45 45" xml:space="preserve" aria-label="Pluss-symbol">
    <polygon class="fill" points="45 19.6 25.4 19.6 25.4 0 19.6 0 19.6 19.6 0 19.6 0 25.4 19.6 25.4 19.6 45 25.4 45 25.4 25.4 45 25.4 "/>
</svg>

                                    </button>
                                    <div class="cart-quantity position-2" title="Antall i handlekurven">
                                        
                                    </div>
                                </div>
                            </div>
                        
                    

                </div>

        </div>
    </div>



        

    

        
            
        

        
        

            


    <div class="col-xs-6 col-sm-3 col-md-2">
        <div class="product-list-item ">

                


                
                


                
                    <a data-app-open-native href="/produkter/28671-bare-bra-supergranola-kakao-bringebaer/" class="modal-link">
                

                    <div>
                        <div class="image-container">
                            
                                <img src="https://bilder.kolonial.no/produkter/6a491160-fc61-4a13-afa6-b94a4087fd5a.jpeg?fill=solid&amp;fill-color=ffffff&amp;fit=fill&amp;h=140&amp;w=140&amp;s=8ccd171eba1b67ef3d8b01347fa778eb" alt="Supergranola Kakao &amp; Bringebær" width="140" height="140" title="Bilde: © Bare Bra / Kolonial.no" srcset="https://bilder.kolonial.no/produkter/6a491160-fc61-4a13-afa6-b94a4087fd5a.jpeg?fill=solid&amp;fill-color=ffffff&amp;fit=fill&amp;h=140&amp;w=140&amp;s=8ccd171eba1b67ef3d8b01347fa778eb 1x, https://bilder.kolonial.no/produkter/6a491160-fc61-4a13-afa6-b94a4087fd5a.jpeg?fill=solid&amp;fill-color=ffffff&amp;fit=fill&amp;h=280&amp;w=280&amp;s=5b61777c2ded8a72e9fc19f81ae5e8a1 2x" />
                            

                            
                            

                            <div class="product-classifiers">
                                

                                

                                
                                    <div class="keyhole" title="Produktet er merket med Nøkkelhullet">
                                        <p class="sr-only">
                                            Nøkkelhullet
                                        </p>
                                    </div>
                                

                                

                                

                                

                                

                                

                                

                                
                                    
                                

                            </div>

                        </div>
                    </div>

                    <p class="price label label-price">
                        kr 47,40
                    </p>

                    
                        <p class="unit-price">
                            kr 105,33 per kg
                        </p>
                    

                    <h3 class="name">
                        <div class="name-main wrap-two-lines">Supergranola Kakao &amp; Bringebær</div>
                        <div class="name-extra wrap-one-line">
                            

                            450 g
                        </div>
                    </h3>

                    

                        

                    

                
                    </a>
                

                <div class="buttons">

                    
                        
                            <div class="add-to-cart-group" data-product="28671" >
                                <div class="not-in-cart">
                                    <button type="button"
                                        class=" add-to-cart btn btn-sm btn-primary"
                                        data-action="add-to-cart"
                                        data-product="28671"
                                        data-quantity="1"
                                        data-to-list="cart"
                                        aria-label="Kjøp Supergranola Kakao &amp; Bringebær 450 g"
                                        
                                        
                                        data-tr-location="Product Category Parent"
                                        >
                                        Kjøp
                                    </button>
                                </div>
                                <div class="in-cart">
                                    <button type="button"
                                        class=" cart-quantity-change position-1"
                                        data-action="add-to-cart"
                                        data-product="28671"
                                        data-quantity="-1"
                                        data-to-list="cart"
                                        aria-label="Fjern 1 Supergranola Kakao &amp; Bringebær fra handlekurven"
                                        title="Fjern 1 Supergranola Kakao &amp; Bringebær fra handlekurven"
                                        
                                        
                                        data-tr-location="Product Category Parent"
                                        >
                                        <svg xmlns="http://www.w3.org/2000/svg" xmlns:xlink="http://www.w3.org/1999/xlink" version="1.1" class="icon icon-minus" y="0" viewBox="0 0 45 45" enable-background="new 0 0 45 45" xml:space="preserve" aria-label="Minus-symbol">
    <rect class="fill" x="0" y="19.6" width="45" height="5.8"/>
</svg>

                                    </button>
                                    <button type="button"
                                        class=" cart-quantity-change position-3"
                                        data-action="add-to-cart"
                                        data-product="28671"
                                        data-quantity="1"
                                        data-to-list="cart"
                                        aria-label="Legg til 1 Supergranola Kakao &amp; Bringebær i handlekurven"
                                        title="Legg til 1 Supergranola Kakao &amp; Bringebær i handlekurven"
                                        
                                        
                                        data-tr-location="Product Category Parent"
                                        >
                                        <svg xmlns="http://www.w3.org/2000/svg" xmlns:xlink="http://www.w3.org/1999/xlink" version="1.1" class="icon icon-plus" x="0" y="0" viewBox="0 0 45 45" enable-background="new 0 0 45 45" xml:space="preserve" aria-label="Pluss-symbol">
    <polygon class="fill" points="45 19.6 25.4 19.6 25.4 0 19.6 0 19.6 19.6 0 19.6 0 25.4 19.6 25.4 19.6 45 25.4 45 25.4 25.4 45 25.4 "/>
</svg>

                                    </button>
                                    <div class="cart-quantity position-2" title="Antall i handlekurven">
                                        
                                    </div>
                                </div>
                            </div>
                        
                    

                </div>

        </div>
    </div>



        

    

        
            
        

        
        

            


    <div class="col-xs-6 col-sm-3 col-md-2">
        <div class="product-list-item ">

                


                
                


                
                    <a data-app-open-native href="/produkter/25344-bare-bra-supergranola-med-hasselnott-kokos/" class="modal-link">
                

                    <div>
                        <div class="image-container">
                            
                                <img src="https://bilder.kolonial.no/produkter/14bd38c2-b06c-4279-a0e1-61ad44cd3d73.jpg?fill=solid&amp;fill-color=ffffff&amp;fit=fill&amp;h=140&amp;w=140&amp;s=6ae66df63da918f5266eb46a84ea46e1" alt="Supergranola med Hasselnøtt &amp; Kokos" width="140" height="140" title="Bilde: © Bare Bra / Kolonial.no" srcset="https://bilder.kolonial.no/produkter/14bd38c2-b06c-4279-a0e1-61ad44cd3d73.jpg?fill=solid&amp;fill-color=ffffff&amp;fit=fill&amp;h=140&amp;w=140&amp;s=6ae66df63da918f5266eb46a84ea46e1 1x, https://bilder.kolonial.no/produkter/14bd38c2-b06c-4279-a0e1-61ad44cd3d73.jpg?fill=solid&amp;fill-color=ffffff&amp;fit=fill&amp;h=280&amp;w=280&amp;s=b464b63ff86e09e52edaf3b873efedc2 2x" />
                            

                            
                            

                            <div class="product-classifiers">
                                

                                

                                

                                

                                

                                

                                

                                

                                

                                
                                    
                                

                            </div>

                        </div>
                    </div>

                    <p class="price label label-price">
                        kr 40,90
                    </p>

                    
                        <p class="unit-price">
                            kr 90,89 per kg
                        </p>
                    

                    <h3 class="name">
                        <div class="name-main wrap-two-lines">Supergranola med Hasselnøtt &amp; Kokos</div>
                        <div class="name-extra wrap-one-line">
                            

                            450 g
                        </div>
                    </h3>

                    

                        

                    

                
                    </a>
                

                <div class="buttons">

                    
                        
                            <div class="add-to-cart-group" data-product="25344" >
                                <div class="not-in-cart">
                                    <button type="button"
                                        class=" add-to-cart btn btn-sm btn-primary"
                                        data-action="add-to-cart"
                                        data-product="25344"
                                        data-quantity="1"
                                        data-to-list="cart"
                                        aria-label="Kjøp Supergranola med Hasselnøtt &amp; Kokos 450 g"
                                        
                                        
                                        data-tr-location="Product Category Parent"
                                        >
                                        Kjøp
                                    </button>
                                </div>
                                <div class="in-cart">
                                    <button type="button"
                                        class=" cart-quantity-change position-1"
                                        data-action="add-to-cart"
                                        data-product="25344"
                                        data-quantity="-1"
                                        data-to-list="cart"
                                        aria-label="Fjern 1 Supergranola med Hasselnøtt &amp; Kokos fra handlekurven"
                                        title="Fjern 1 Supergranola med Hasselnøtt &amp; Kokos fra handlekurven"
                                        
                                        
                                        data-tr-location="Product Category Parent"
                                        >
                                        <svg xmlns="http://www.w3.org/2000/svg" xmlns:xlink="http://www.w3.org/1999/xlink" version="1.1" class="icon icon-minus" y="0" viewBox="0 0 45 45" enable-background="new 0 0 45 45" xml:space="preserve" aria-label="Minus-symbol">
    <rect class="fill" x="0" y="19.6" width="45" height="5.8"/>
</svg>

                                    </button>
                                    <button type="button"
                                        class=" cart-quantity-change position-3"
                                        data-action="add-to-cart"
                                        data-product="25344"
                                        data-quantity="1"
                                        data-to-list="cart"
                                        aria-label="Legg til 1 Supergranola med Hasselnøtt &amp; Kokos i handlekurven"
                                        title="Legg til 1 Supergranola med Hasselnøtt &amp; Kokos i handlekurven"
                                        
                                        
                                        data-tr-location="Product Category Parent"
                                        >
                                        <svg xmlns="http://www.w3.org/2000/svg" xmlns:xlink="http://www.w3.org/1999/xlink" version="1.1" class="icon icon-plus" x="0" y="0" viewBox="0 0 45 45" enable-background="new 0 0 45 45" xml:space="preserve" aria-label="Pluss-symbol">
    <polygon class="fill" points="45 19.6 25.4 19.6 25.4 0 19.6 0 19.6 19.6 0 19.6 0 25.4 19.6 25.4 19.6 45 25.4 45 25.4 25.4 45 25.4 "/>
</svg>

                                    </button>
                                    <div class="cart-quantity position-2" title="Antall i handlekurven">
                                        
                                    </div>
                                </div>
                            </div>
                        
                    

                </div>

        </div>
    </div>



        

    

        
            
        

        
        

            


    <div class="col-xs-6 col-sm-3 col-md-2">
        <div class="product-list-item ">

                


                
                


                
                    <a data-app-open-native href="/produkter/28672-bare-bra-supergranola-protein-kakao-kokos-mandel/" class="modal-link">
                

                    <div>
                        <div class="image-container">
                            
                                <img src="https://bilder.kolonial.no/produkter/dd9d3f76-05b5-4962-ab71-46916aa791ba.jpeg?fill=solid&amp;fill-color=ffffff&amp;fit=fill&amp;h=140&amp;w=140&amp;s=7db277799301d3532ff9b32c46a20d3c" alt="Supergranola Protein Kakao Kokos &amp; Mandel" width="140" height="140" title="Bilde: © Bare Bra / Kolonial.no" srcset="https://bilder.kolonial.no/produkter/dd9d3f76-05b5-4962-ab71-46916aa791ba.jpeg?fill=solid&amp;fill-color=ffffff&amp;fit=fill&amp;h=140&amp;w=140&amp;s=7db277799301d3532ff9b32c46a20d3c 1x, https://bilder.kolonial.no/produkter/dd9d3f76-05b5-4962-ab71-46916aa791ba.jpeg?fill=solid&amp;fill-color=ffffff&amp;fit=fill&amp;h=280&amp;w=280&amp;s=b865e873061f161ff5cbe29c5dba74f3 2x" />
                            

                            
                            

                            <div class="product-classifiers">
                                

                                

                                

                                

                                

                                

                                

                                

                                

                                
                                    
                                

                            </div>

                        </div>
                    </div>

                    <p class="price label label-price">
                        kr 53,40
                    </p>

                    
                        <p class="unit-price">
                            kr 118,67 per kg
                        </p>
                    

                    <h3 class="name">
                        <div class="name-main wrap-two-lines">Supergranola Protein Kakao Kokos &amp; Mandel</div>
                        <div class="name-extra wrap-one-line">
                            

                            450 g
                        </div>
                    </h3>

                    

                        

                    

                
                    </a>
                

                <div class="buttons">

                    
                        
                            <div class="add-to-cart-group" data-product="28672" >
                                <div class="not-in-cart">
                                    <button type="button"
                                        class=" add-to-cart btn btn-sm btn-primary"
                                        data-action="add-to-cart"
                                        data-product="28672"
                                        data-quantity="1"
                                        data-to-list="cart"
                                        aria-label="Kjøp Supergranola Protein Kakao Kokos &amp; Mandel 450 g"
                                        
                                        
                                        data-tr-location="Product Category Parent"
                                        >
                                        Kjøp
                                    </button>
                                </div>
                                <div class="in-cart">
                                    <button type="button"
                                        class=" cart-quantity-change position-1"
                                        data-action="add-to-cart"
                                        data-product="28672"
                                        data-quantity="-1"
                                        data-to-list="cart"
                                        aria-label="Fjern 1 Supergranola Protein Kakao Kokos &amp; Mandel fra handlekurven"
                                        title="Fjern 1 Supergranola Protein Kakao Kokos &amp; Mandel fra handlekurven"
                                        
                                        
                                        data-tr-location="Product Category Parent"
                                        >
                                        <svg xmlns="http://www.w3.org/2000/svg" xmlns:xlink="http://www.w3.org/1999/xlink" version="1.1" class="icon icon-minus" y="0" viewBox="0 0 45 45" enable-background="new 0 0 45 45" xml:space="preserve" aria-label="Minus-symbol">
    <rect class="fill" x="0" y="19.6" width="45" height="5.8"/>
</svg>

                                    </button>
                                    <button type="button"
                                        class=" cart-quantity-change position-3"
                                        data-action="add-to-cart"
                                        data-product="28672"
                                        data-quantity="1"
                                        data-to-list="cart"
                                        aria-label="Legg til 1 Supergranola Protein Kakao Kokos &amp; Mandel i handlekurven"
                                        title="Legg til 1 Supergranola Protein Kakao Kokos &amp; Mandel i handlekurven"
                                        
                                        
                                        data-tr-location="Product Category Parent"
                                        >
                                        <svg xmlns="http://www.w3.org/2000/svg" xmlns:xlink="http://www.w3.org/1999/xlink" version="1.1" class="icon icon-plus" x="0" y="0" viewBox="0 0 45 45" enable-background="new 0 0 45 45" xml:space="preserve" aria-label="Pluss-symbol">
    <polygon class="fill" points="45 19.6 25.4 19.6 25.4 0 19.6 0 19.6 19.6 0 19.6 0 25.4 19.6 25.4 19.6 45 25.4 45 25.4 25.4 45 25.4 "/>
</svg>

                                    </button>
                                    <div class="cart-quantity position-2" title="Antall i handlekurven">
                                        
                                    </div>
                                </div>
                            </div>
                        
                    

                </div>

        </div>
    </div>



        

    

        
            
        

        
        

            


    <div class="col-xs-6 col-sm-3 col-md-2">
        <div class="product-list-item ">

                


                
                


                
                    <a data-app-open-native href="/produkter/28044-berit-nordstrand-granola-puffet-quinoa/" class="modal-link">
                

                    <div>
                        <div class="image-container">
                            
                                <img src="https://bilder.kolonial.no/produkter/3eae0c93-0c5f-4c79-8cae-d281bd94805f.jpeg?fill=solid&amp;fill-color=ffffff&amp;fit=fill&amp;h=140&amp;w=140&amp;s=178a73a8f35d7842b65f9f6db85e63b9" alt="Granola Puffet Quinoa" width="140" height="140" title="Bilde: © Berit Nordstrand / Kolonial.no" srcset="https://bilder.kolonial.no/produkter/3eae0c93-0c5f-4c79-8cae-d281bd94805f.jpeg?fill=solid&amp;fill-color=ffffff&amp;fit=fill&amp;h=140&amp;w=140&amp;s=178a73a8f35d7842b65f9f6db85e63b9 1x, https://bilder.kolonial.no/produkter/3eae0c93-0c5f-4c79-8cae-d281bd94805f.jpeg?fill=solid&amp;fill-color=ffffff&amp;fit=fill&amp;h=280&amp;w=280&amp;s=ede1693b9290e67064829fe26aa8d1ea 2x" />
                            

                            
                            

                            <div class="product-classifiers">
                                

                                

                                

                                

                                

                                

                                

                                

                                

                                
                                    
                                

                            </div>

                        </div>
                    </div>

                    <p class="price label label-price">
                        kr 45,80
                    </p>

                    
                        <p class="unit-price">
                            kr 130,86 per kg
                        </p>
                    

                    <h3 class="name">
                        <div class="name-main wrap-two-lines">Granola Puffet Quinoa</div>
                        <div class="name-extra wrap-one-line">
                            

                            350 g
                        </div>
                    </h3>

                    

                        

                    

                
                    </a>
                

                <div class="buttons">

                    
                        
                            <div class="add-to-cart-group" data-product="28044" >
                                <div class="not-in-cart">
                                    <button type="button"
                                        class=" add-to-cart btn btn-sm btn-primary"
                                        data-action="add-to-cart"
                                        data-product="28044"
                                        data-quantity="1"
                                        data-to-list="cart"
                                        aria-label="Kjøp Granola Puffet Quinoa 350 g"
                                        
                                        
                                        data-tr-location="Product Category Parent"
                                        >
                                        Kjøp
                                    </button>
                                </div>
                                <div class="in-cart">
                                    <button type="button"
                                        class=" cart-quantity-change position-1"
                                        data-action="add-to-cart"
                                        data-product="28044"
                                        data-quantity="-1"
                                        data-to-list="cart"
                                        aria-label="Fjern 1 Granola Puffet Quinoa fra handlekurven"
                                        title="Fjern 1 Granola Puffet Quinoa fra handlekurven"
                                        
                                        
                                        data-tr-location="Product Category Parent"
                                        >
                                        <svg xmlns="http://www.w3.org/2000/svg" xmlns:xlink="http://www.w3.org/1999/xlink" version="1.1" class="icon icon-minus" y="0" viewBox="0 0 45 45" enable-background="new 0 0 45 45" xml:space="preserve" aria-label="Minus-symbol">
    <rect class="fill" x="0" y="19.6" width="45" height="5.8"/>
</svg>

                                    </button>
                                    <button type="button"
                                        class=" cart-quantity-change position-3"
                                        data-action="add-to-cart"
                                        data-product="28044"
                                        data-quantity="1"
                                        data-to-list="cart"
                                        aria-label="Legg til 1 Granola Puffet Quinoa i handlekurven"
                                        title="Legg til 1 Granola Puffet Quinoa i handlekurven"
                                        
                                        
                                        data-tr-location="Product Category Parent"
                                        >
                                        <svg xmlns="http://www.w3.org/2000/svg" xmlns:xlink="http://www.w3.org/1999/xlink" version="1.1" class="icon icon-plus" x="0" y="0" viewBox="0 0 45 45" enable-background="new 0 0 45 45" xml:space="preserve" aria-label="Pluss-symbol">
    <polygon class="fill" points="45 19.6 25.4 19.6 25.4 0 19.6 0 19.6 19.6 0 19.6 0 25.4 19.6 25.4 19.6 45 25.4 45 25.4 25.4 45 25.4 "/>
</svg>

                                    </button>
                                    <div class="cart-quantity position-2" title="Antall i handlekurven">
                                        
                                    </div>
                                </div>
                            </div>
                        
                    

                </div>

        </div>
    </div>



        

    
</div>


    





                        
                    </div>
                
                    <h4 class="child-category-headline">
                        <a class="headline" href="/kategorier/1-brod-og-frokostblandinger/116-deiger-og-bunner/">Deiger og bunner</a>
                        <a href="/kategorier/1-brod-og-frokostblandinger/116-deiger-og-bunner/" class="btn btn-text-only pull-right">
                            <span class="hidden-xs">Vis alle i Deiger og bunner</span>
                            <span aria-label="Vis alle i Deiger og bunner" class="visible-xs-inline">Vis alle</span>
                            <span class="glyphicon glyphicon glyphicon-menu-right"></span>
                        </a>
                    </h4>

                    <div class="product-category-list ws-xs">
                        
                            
<div class="row">
    

        
            
        

        
        

            


    <div class="col-xs-6 col-sm-3 col-md-2">
        <div class="product-list-item ">

                


                
                


                
                    <a data-app-open-native href="/produkter/25123-rema-1000-pizzabunn-familie/" class="modal-link">
                

                    <div>
                        <div class="image-container">
                            
                                <img src="https://bilder.kolonial.no/produkter/938f3d0d-0556-47b2-8490-0136cc8578d7.jpg?fill=solid&amp;fill-color=ffffff&amp;fit=fill&amp;h=140&amp;w=140&amp;s=c16f68114ee79b67e3c6092360e65088" alt="Pizzabunn Familie" width="140" height="140" title="Bilde: © REMA 1000 / Kolonial.no" srcset="https://bilder.kolonial.no/produkter/938f3d0d-0556-47b2-8490-0136cc8578d7.jpg?fill=solid&amp;fill-color=ffffff&amp;fit=fill&amp;h=140&amp;w=140&amp;s=c16f68114ee79b67e3c6092360e65088 1x, https://bilder.kolonial.no/produkter/938f3d0d-0556-47b2-8490-0136cc8578d7.jpg?fill=solid&amp;fill-color=ffffff&amp;fit=fill&amp;h=280&amp;w=280&amp;s=ac2332382261d1f9d85abb4e217bcdc3 2x" />
                            

                            
                            

                            <div class="product-classifiers">
                                

                                

                                

                                

                                

                                

                                

                                

                                

                                
                                    
                                

                            </div>

                        </div>
                    </div>

                    <p class="price label label-price">
                        kr 20,00
                    </p>

                    
                        <p class="unit-price">
                            kr 36,36 per kg
                        </p>
                    

                    <h3 class="name">
                        <div class="name-main wrap-two-lines">Pizzabunn Familie</div>
                        <div class="name-extra wrap-one-line">
                            

                            550 g
                        </div>
                    </h3>

                    

                        

                    

                
                    </a>
                

                <div class="buttons">

                    
                        
                            <div class="add-to-cart-group" data-product="25123" >
                                <div class="not-in-cart">
                                    <button type="button"
                                        class=" add-to-cart btn btn-sm btn-primary"
                                        data-action="add-to-cart"
                                        data-product="25123"
                                        data-quantity="1"
                                        data-to-list="cart"
                                        aria-label="Kjøp Pizzabunn Familie 550 g"
                                        
                                        
                                        data-tr-location="Product Category Parent"
                                        >
                                        Kjøp
                                    </button>
                                </div>
                                <div class="in-cart">
                                    <button type="button"
                                        class=" cart-quantity-change position-1"
                                        data-action="add-to-cart"
                                        data-product="25123"
                                        data-quantity="-1"
                                        data-to-list="cart"
                                        aria-label="Fjern 1 Pizzabunn Familie fra handlekurven"
                                        title="Fjern 1 Pizzabunn Familie fra handlekurven"
                                        
                                        
                                        data-tr-location="Product Category Parent"
                                        >
                                        <svg xmlns="http://www.w3.org/2000/svg" xmlns:xlink="http://www.w3.org/1999/xlink" version="1.1" class="icon icon-minus" y="0" viewBox="0 0 45 45" enable-background="new 0 0 45 45" xml:space="preserve" aria-label="Minus-symbol">
    <rect class="fill" x="0" y="19.6" width="45" height="5.8"/>
</svg>

                                    </button>
                                    <button type="button"
                                        class=" cart-quantity-change position-3"
                                        data-action="add-to-cart"
                                        data-product="25123"
                                        data-quantity="1"
                                        data-to-list="cart"
                                        aria-label="Legg til 1 Pizzabunn Familie i handlekurven"
                                        title="Legg til 1 Pizzabunn Familie i handlekurven"
                                        
                                        
                                        data-tr-location="Product Category Parent"
                                        >
                                        <svg xmlns="http://www.w3.org/2000/svg" xmlns:xlink="http://www.w3.org/1999/xlink" version="1.1" class="icon icon-plus" x="0" y="0" viewBox="0 0 45 45" enable-background="new 0 0 45 45" xml:space="preserve" aria-label="Pluss-symbol">
    <polygon class="fill" points="45 19.6 25.4 19.6 25.4 0 19.6 0 19.6 19.6 0 19.6 0 25.4 19.6 25.4 19.6 45 25.4 45 25.4 25.4 45 25.4 "/>
</svg>

                                    </button>
                                    <div class="cart-quantity position-2" title="Antall i handlekurven">
                                        
                                    </div>
                                </div>
                            </div>
                        
                    

                </div>

        </div>
    </div>



        

    

        
            
        

        
        

            


    <div class="col-xs-6 col-sm-3 col-md-2">
        <div class="product-list-item ">

                


                
                


                
                    <a data-app-open-native href="/produkter/27510-fersk-paideig/" class="modal-link">
                

                    <div>
                        <div class="image-container">
                            
                                <img src="https://bilder.kolonial.no/produkter/836e5a68-89da-45a0-9361-74c91eb6f944.jpeg?fill=solid&amp;fill-color=ffffff&amp;fit=fill&amp;h=140&amp;w=140&amp;s=d4e98a7b41d20fd8ea4aa72cc7560e4a" alt="Fersk Paideig" width="140" height="140" srcset="https://bilder.kolonial.no/produkter/836e5a68-89da-45a0-9361-74c91eb6f944.jpeg?fill=solid&amp;fill-color=ffffff&amp;fit=fill&amp;h=140&amp;w=140&amp;s=d4e98a7b41d20fd8ea4aa72cc7560e4a 1x, https://bilder.kolonial.no/produkter/836e5a68-89da-45a0-9361-74c91eb6f944.jpeg?fill=solid&amp;fill-color=ffffff&amp;fit=fill&amp;h=280&amp;w=280&amp;s=775d92d1bd16843ff768cf22ae831c53 2x" />
                            

                            
                            

                            <div class="product-classifiers">
                                

                                

                                

                                

                                

                                

                                

                                

                                

                                
                                    
                                

                            </div>

                        </div>
                    </div>

                    <p class="price label label-price">
                        kr 33,20
                    </p>

                    
                        <p class="unit-price">
                            kr 132,80 per kg
                        </p>
                    

                    <h3 class="name">
                        <div class="name-main wrap-two-lines">Fersk Paideig</div>
                        <div class="name-extra wrap-one-line">
                            

                            250 g
                        </div>
                    </h3>

                    

                        

                    

                
                    </a>
                

                <div class="buttons">

                    
                        
                            <div class="add-to-cart-group" data-product="27510" >
                                <div class="not-in-cart">
                                    <button type="button"
                                        class=" add-to-cart btn btn-sm btn-primary"
                                        data-action="add-to-cart"
                                        data-product="27510"
                                        data-quantity="1"
                                        data-to-list="cart"
                                        aria-label="Kjøp Fersk Paideig 250 g"
                                        
                                        
                                        data-tr-location="Product Category Parent"
                                        >
                                        Kjøp
                                    </button>
                                </div>
                                <div class="in-cart">
                                    <button type="button"
                                        class=" cart-quantity-change position-1"
                                        data-action="add-to-cart"
                                        data-product="27510"
                                        data-quantity="-1"
                                        data-to-list="cart"
                                        aria-label="Fjern 1 Fersk Paideig fra handlekurven"
                                        title="Fjern 1 Fersk Paideig fra handlekurven"
                                        
                                        
                                        data-tr-location="Product Category Parent"
                                        >
                                        <svg xmlns="http://www.w3.org/2000/svg" xmlns:xlink="http://www.w3.org/1999/xlink" version="1.1" class="icon icon-minus" y="0" viewBox="0 0 45 45" enable-background="new 0 0 45 45" xml:space="preserve" aria-label="Minus-symbol">
    <rect class="fill" x="0" y="19.6" width="45" height="5.8"/>
</svg>

                                    </button>
                                    <button type="button"
                                        class=" cart-quantity-change position-3"
                                        data-action="add-to-cart"
                                        data-product="27510"
                                        data-quantity="1"
                                        data-to-list="cart"
                                        aria-label="Legg til 1 Fersk Paideig i handlekurven"
                                        title="Legg til 1 Fersk Paideig i handlekurven"
                                        
                                        
                                        data-tr-location="Product Category Parent"
                                        >
                                        <svg xmlns="http://www.w3.org/2000/svg" xmlns:xlink="http://www.w3.org/1999/xlink" version="1.1" class="icon icon-plus" x="0" y="0" viewBox="0 0 45 45" enable-background="new 0 0 45 45" xml:space="preserve" aria-label="Pluss-symbol">
    <polygon class="fill" points="45 19.6 25.4 19.6 25.4 0 19.6 0 19.6 19.6 0 19.6 0 25.4 19.6 25.4 19.6 45 25.4 45 25.4 25.4 45 25.4 "/>
</svg>

                                    </button>
                                    <div class="cart-quantity position-2" title="Antall i handlekurven">
                                        
                                    </div>
                                </div>
                            </div>
                        
                    

                </div>

        </div>
    </div>



        

    

        
            
        

        
        

            


    <div class="col-xs-6 col-sm-3 col-md-2">
        <div class="product-list-item ">

                


                
                


                
                    <a data-app-open-native href="/produkter/16561-peppes-pizza-glutenfri-bunn/" class="modal-link">
                

                    <div>
                        <div class="image-container">
                            
                                <img src="https://bilder.kolonial.no/produkter/7de50a96-7afd-4d76-ac00-3e1388964f78.jpg?fill=solid&amp;fill-color=ffffff&amp;fit=fill&amp;h=140&amp;w=140&amp;s=651d411d650f1a2265eaaaecb98793dc" alt="Glutenfri Bunn" width="140" height="140" title="Bilde: © Peppes Pizza / Kolonial.no" srcset="https://bilder.kolonial.no/produkter/7de50a96-7afd-4d76-ac00-3e1388964f78.jpg?fill=solid&amp;fill-color=ffffff&amp;fit=fill&amp;h=140&amp;w=140&amp;s=651d411d650f1a2265eaaaecb98793dc 1x, https://bilder.kolonial.no/produkter/7de50a96-7afd-4d76-ac00-3e1388964f78.jpg?fill=solid&amp;fill-color=ffffff&amp;fit=fill&amp;h=280&amp;w=280&amp;s=7709a8b448c0de5af4a98a03796c647b 2x" />
                            

                            
                            

                            <div class="product-classifiers">
                                

                                

                                

                                

                                

                                

                                

                                

                                

                                
                                    
                                

                            </div>

                        </div>
                    </div>

                    <p class="price label label-price">
                        kr 51,80
                    </p>

                    
                        <p class="unit-price">
                            kr 199,23 per kg
                        </p>
                    

                    <h3 class="name">
                        <div class="name-main wrap-two-lines">Glutenfri Bunn</div>
                        <div class="name-extra wrap-one-line">
                            

                            260 g
                        </div>
                    </h3>

                    

                        

                    

                
                    </a>
                

                <div class="buttons">

                    
                        
                            <div class="add-to-cart-group" data-product="16561" >
                                <div class="not-in-cart">
                                    <button type="button"
                                        class=" add-to-cart btn btn-sm btn-primary"
                                        data-action="add-to-cart"
                                        data-product="16561"
                                        data-quantity="1"
                                        data-to-list="cart"
                                        aria-label="Kjøp Glutenfri Bunn 260 g"
                                        
                                        
                                        data-tr-location="Product Category Parent"
                                        >
                                        Kjøp
                                    </button>
                                </div>
                                <div class="in-cart">
                                    <button type="button"
                                        class=" cart-quantity-change position-1"
                                        data-action="add-to-cart"
                                        data-product="16561"
                                        data-quantity="-1"
                                        data-to-list="cart"
                                        aria-label="Fjern 1 Glutenfri Bunn fra handlekurven"
                                        title="Fjern 1 Glutenfri Bunn fra handlekurven"
                                        
                                        
                                        data-tr-location="Product Category Parent"
                                        >
                                        <svg xmlns="http://www.w3.org/2000/svg" xmlns:xlink="http://www.w3.org/1999/xlink" version="1.1" class="icon icon-minus" y="0" viewBox="0 0 45 45" enable-background="new 0 0 45 45" xml:space="preserve" aria-label="Minus-symbol">
    <rect class="fill" x="0" y="19.6" width="45" height="5.8"/>
</svg>

                                    </button>
                                    <button type="button"
                                        class=" cart-quantity-change position-3"
                                        data-action="add-to-cart"
                                        data-product="16561"
                                        data-quantity="1"
                                        data-to-list="cart"
                                        aria-label="Legg til 1 Glutenfri Bunn i handlekurven"
                                        title="Legg til 1 Glutenfri Bunn i handlekurven"
                                        
                                        
                                        data-tr-location="Product Category Parent"
                                        >
                                        <svg xmlns="http://www.w3.org/2000/svg" xmlns:xlink="http://www.w3.org/1999/xlink" version="1.1" class="icon icon-plus" x="0" y="0" viewBox="0 0 45 45" enable-background="new 0 0 45 45" xml:space="preserve" aria-label="Pluss-symbol">
    <polygon class="fill" points="45 19.6 25.4 19.6 25.4 0 19.6 0 19.6 19.6 0 19.6 0 25.4 19.6 25.4 19.6 45 25.4 45 25.4 25.4 45 25.4 "/>
</svg>

                                    </button>
                                    <div class="cart-quantity position-2" title="Antall i handlekurven">
                                        
                                    </div>
                                </div>
                            </div>
                        
                    

                </div>

        </div>
    </div>



        

    

        
            
        

        
        

            


    <div class="col-xs-6 col-sm-3 col-md-2">
        <div class="product-list-item ">

                


                
                


                
                    <a data-app-open-native href="/produkter/4633-peppes-pizza-peppes-originale-pizzabunn/" class="modal-link">
                

                    <div>
                        <div class="image-container">
                            
                                <img src="https://bilder.kolonial.no/produkter/923ae7fa-a796-4fe9-9be7-f77ff8280faf.jpeg?fill=solid&amp;fill-color=ffffff&amp;fit=fill&amp;h=140&amp;w=140&amp;s=b4194780b6e6f1eca7ca294aeab41a66" alt="Peppes Originale Pizzabunn" width="140" height="140" title="Bilde: © Peppes Pizza / Kolonial.no" srcset="https://bilder.kolonial.no/produkter/923ae7fa-a796-4fe9-9be7-f77ff8280faf.jpeg?fill=solid&amp;fill-color=ffffff&amp;fit=fill&amp;h=140&amp;w=140&amp;s=b4194780b6e6f1eca7ca294aeab41a66 1x, https://bilder.kolonial.no/produkter/923ae7fa-a796-4fe9-9be7-f77ff8280faf.jpeg?fill=solid&amp;fill-color=ffffff&amp;fit=fill&amp;h=280&amp;w=280&amp;s=04697de5c046d4f0a7d2d954401709ed 2x" />
                            

                            
                            

                            <div class="product-classifiers">
                                

                                

                                

                                

                                

                                

                                

                                

                                

                                
                                    
                                

                            </div>

                        </div>
                    </div>

                    <p class="price label label-price">
                        kr 40,30
                    </p>

                    
                        <p class="unit-price">
                            kr 73,27 per kg
                        </p>
                    

                    <h3 class="name">
                        <div class="name-main wrap-two-lines">Peppes Originale Pizzabunn</div>
                        <div class="name-extra wrap-one-line">
                            

                            550 g
                        </div>
                    </h3>

                    

                        

                    

                
                    </a>
                

                <div class="buttons">

                    
                        
                            <div class="add-to-cart-group" data-product="4633" >
                                <div class="not-in-cart">
                                    <button type="button"
                                        class=" add-to-cart btn btn-sm btn-primary"
                                        data-action="add-to-cart"
                                        data-product="4633"
                                        data-quantity="1"
                                        data-to-list="cart"
                                        aria-label="Kjøp Peppes Originale Pizzabunn 550 g"
                                        
                                        
                                        data-tr-location="Product Category Parent"
                                        >
                                        Kjøp
                                    </button>
                                </div>
                                <div class="in-cart">
                                    <button type="button"
                                        class=" cart-quantity-change position-1"
                                        data-action="add-to-cart"
                                        data-product="4633"
                                        data-quantity="-1"
                                        data-to-list="cart"
                                        aria-label="Fjern 1 Peppes Originale Pizzabunn fra handlekurven"
                                        title="Fjern 1 Peppes Originale Pizzabunn fra handlekurven"
                                        
                                        
                                        data-tr-location="Product Category Parent"
                                        >
                                        <svg xmlns="http://www.w3.org/2000/svg" xmlns:xlink="http://www.w3.org/1999/xlink" version="1.1" class="icon icon-minus" y="0" viewBox="0 0 45 45" enable-background="new 0 0 45 45" xml:space="preserve" aria-label="Minus-symbol">
    <rect class="fill" x="0" y="19.6" width="45" height="5.8"/>
</svg>

                                    </button>
                                    <button type="button"
                                        class=" cart-quantity-change position-3"
                                        data-action="add-to-cart"
                                        data-product="4633"
                                        data-quantity="1"
                                        data-to-list="cart"
                                        aria-label="Legg til 1 Peppes Originale Pizzabunn i handlekurven"
                                        title="Legg til 1 Peppes Originale Pizzabunn i handlekurven"
                                        
                                        
                                        data-tr-location="Product Category Parent"
                                        >
                                        <svg xmlns="http://www.w3.org/2000/svg" xmlns:xlink="http://www.w3.org/1999/xlink" version="1.1" class="icon icon-plus" x="0" y="0" viewBox="0 0 45 45" enable-background="new 0 0 45 45" xml:space="preserve" aria-label="Pluss-symbol">
    <polygon class="fill" points="45 19.6 25.4 19.6 25.4 0 19.6 0 19.6 19.6 0 19.6 0 25.4 19.6 25.4 19.6 45 25.4 45 25.4 25.4 45 25.4 "/>
</svg>

                                    </button>
                                    <div class="cart-quantity position-2" title="Antall i handlekurven">
                                        
                                    </div>
                                </div>
                            </div>
                        
                    

                </div>

        </div>
    </div>



        

    

        
            
        

        
        

            


    <div class="col-xs-6 col-sm-3 col-md-2">
        <div class="product-list-item not-for-sale">

                


                
                


                
                    <a data-app-open-native href="/produkter/29729-parata-brod/" class="modal-link">
                

                    <div>
                        <div class="image-container">
                            
                                <img src="https://bilder.kolonial.no/produkter/3b19ec8f-0fd3-4383-ae0a-7b6b7ed8d49d.jpeg?fill=solid&amp;fill-color=ffffff&amp;fit=fill&amp;h=140&amp;w=140&amp;s=b0bd9ea156ebfc764fee99e04d6eef16" alt="Parata Brød" width="140" height="140" srcset="https://bilder.kolonial.no/produkter/3b19ec8f-0fd3-4383-ae0a-7b6b7ed8d49d.jpeg?fill=solid&amp;fill-color=ffffff&amp;fit=fill&amp;h=140&amp;w=140&amp;s=b0bd9ea156ebfc764fee99e04d6eef16 1x, https://bilder.kolonial.no/produkter/3b19ec8f-0fd3-4383-ae0a-7b6b7ed8d49d.jpeg?fill=solid&amp;fill-color=ffffff&amp;fit=fill&amp;h=280&amp;w=280&amp;s=e800b2680e77e079053309eec6625f55 2x" />
                            

                            
                            

                            <div class="product-classifiers">
                                

                                

                                

                                

                                

                                

                                

                                

                                
                                    <div class="frozen" title="Produktet er en frysevare">
                                        <p class="sr-only">
                                            Frysevare
                                        </p>
                                    </div>
                                

                                
                                    
                                

                            </div>

                        </div>
                    </div>

                    <p class="price label label-price">
                        kr 26,30
                    </p>

                    
                        <p class="unit-price">
                            kr 75,14 per kg
                        </p>
                    

                    <h3 class="name">
                        <div class="name-main wrap-two-lines">Parata Brød</div>
                        <div class="name-extra wrap-one-line">
                            

                            350 g
                        </div>
                    </h3>

                    

                        <div class="available-description">
                            <span class="label lead-time-label">
                                Utsolgt fra leverandør
                            </span>
                        </div>

                    

                
                    </a>
                

                <div class="buttons">

                    
                        
                            <div class="add-to-cart-group" data-product="29729" >
                                <div class="not-in-cart">
                                    <button type="button"
                                        class="not-for-sale add-to-cart btn btn-sm btn-primary"
                                        data-action="add-to-cart"
                                        data-product="29729"
                                        data-quantity="1"
                                        data-to-list="cart"
                                        aria-label="Kjøp Parata Brød 350 g"
                                        
                                        
                                        data-tr-location="Product Category Parent"
                                        >
                                        Kjøp
                                    </button>
                                </div>
                                <div class="in-cart">
                                    <button type="button"
                                        class="not-for-sale cart-quantity-change position-1"
                                        data-action="add-to-cart"
                                        data-product="29729"
                                        data-quantity="-1"
                                        data-to-list="cart"
                                        aria-label="Fjern 1 Parata Brød fra handlekurven"
                                        title="Fjern 1 Parata Brød fra handlekurven"
                                        
                                        
                                        data-tr-location="Product Category Parent"
                                        >
                                        <svg xmlns="http://www.w3.org/2000/svg" xmlns:xlink="http://www.w3.org/1999/xlink" version="1.1" class="icon icon-minus" y="0" viewBox="0 0 45 45" enable-background="new 0 0 45 45" xml:space="preserve" aria-label="Minus-symbol">
    <rect class="fill" x="0" y="19.6" width="45" height="5.8"/>
</svg>

                                    </button>
                                    <button type="button"
                                        class="not-for-sale cart-quantity-change position-3"
                                        data-action="add-to-cart"
                                        data-product="29729"
                                        data-quantity="1"
                                        data-to-list="cart"
                                        aria-label="Legg til 1 Parata Brød i handlekurven"
                                        title="Legg til 1 Parata Brød i handlekurven"
                                        
                                        
                                        data-tr-location="Product Category Parent"
                                        >
                                        <svg xmlns="http://www.w3.org/2000/svg" xmlns:xlink="http://www.w3.org/1999/xlink" version="1.1" class="icon icon-plus" x="0" y="0" viewBox="0 0 45 45" enable-background="new 0 0 45 45" xml:space="preserve" aria-label="Pluss-symbol">
    <polygon class="fill" points="45 19.6 25.4 19.6 25.4 0 19.6 0 19.6 19.6 0 19.6 0 25.4 19.6 25.4 19.6 45 25.4 45 25.4 25.4 45 25.4 "/>
</svg>

                                    </button>
                                    <div class="cart-quantity position-2" title="Antall i handlekurven">
                                        
                                    </div>
                                </div>
                            </div>
                        
                    

                </div>

        </div>
    </div>



        

    

        
            
        

        
        

            


    <div class="col-xs-6 col-sm-3 col-md-2">
        <div class="product-list-item ">

                


                
                


                
                    <a data-app-open-native href="/produkter/15945-brisk-glutenfri-pizzabunn-lettstekt/" class="modal-link">
                

                    <div>
                        <div class="image-container">
                            
                                <img src="https://bilder.kolonial.no/produkter/ffdc60a7-724c-4413-bbc4-7c306b852dcd.jpeg?fill=solid&amp;fill-color=ffffff&amp;fit=fill&amp;h=140&amp;w=140&amp;s=3a253339dc4ce32d3399fd8a30e941f3" alt="Glutenfri Pizzabunn Lettstekt" width="140" height="140" title="Bilde: © Brisk / Kolonial.no" srcset="https://bilder.kolonial.no/produkter/ffdc60a7-724c-4413-bbc4-7c306b852dcd.jpeg?fill=solid&amp;fill-color=ffffff&amp;fit=fill&amp;h=140&amp;w=140&amp;s=3a253339dc4ce32d3399fd8a30e941f3 1x, https://bilder.kolonial.no/produkter/ffdc60a7-724c-4413-bbc4-7c306b852dcd.jpeg?fill=solid&amp;fill-color=ffffff&amp;fit=fill&amp;h=280&amp;w=280&amp;s=f734d5e76ceaa78dc86ab272f86a9e9e 2x" />
                            

                            
                            

                            <div class="product-classifiers">
                                

                                

                                

                                

                                

                                

                                

                                

                                
                                    <div class="frozen" title="Produktet er en frysevare">
                                        <p class="sr-only">
                                            Frysevare
                                        </p>
                                    </div>
                                

                                
                                    
                                

                            </div>

                        </div>
                    </div>

                    <p class="price label label-price">
                        kr 43,10
                    </p>

                    
                        <p class="unit-price">
                            kr 123,14 per kg
                        </p>
                    

                    <h3 class="name">
                        <div class="name-main wrap-two-lines">Glutenfri Pizzabunn Lettstekt</div>
                        <div class="name-extra wrap-one-line">
                            

                            350 g
                        </div>
                    </h3>

                    

                        

                    

                
                    </a>
                

                <div class="buttons">

                    
                        
                            <div class="add-to-cart-group" data-product="15945" >
                                <div class="not-in-cart">
                                    <button type="button"
                                        class=" add-to-cart btn btn-sm btn-primary"
                                        data-action="add-to-cart"
                                        data-product="15945"
                                        data-quantity="1"
                                        data-to-list="cart"
                                        aria-label="Kjøp Glutenfri Pizzabunn Lettstekt 350 g"
                                        
                                        
                                        data-tr-location="Product Category Parent"
                                        >
                                        Kjøp
                                    </button>
                                </div>
                                <div class="in-cart">
                                    <button type="button"
                                        class=" cart-quantity-change position-1"
                                        data-action="add-to-cart"
                                        data-product="15945"
                                        data-quantity="-1"
                                        data-to-list="cart"
                                        aria-label="Fjern 1 Glutenfri Pizzabunn Lettstekt fra handlekurven"
                                        title="Fjern 1 Glutenfri Pizzabunn Lettstekt fra handlekurven"
                                        
                                        
                                        data-tr-location="Product Category Parent"
                                        >
                                        <svg xmlns="http://www.w3.org/2000/svg" xmlns:xlink="http://www.w3.org/1999/xlink" version="1.1" class="icon icon-minus" y="0" viewBox="0 0 45 45" enable-background="new 0 0 45 45" xml:space="preserve" aria-label="Minus-symbol">
    <rect class="fill" x="0" y="19.6" width="45" height="5.8"/>
</svg>

                                    </button>
                                    <button type="button"
                                        class=" cart-quantity-change position-3"
                                        data-action="add-to-cart"
                                        data-product="15945"
                                        data-quantity="1"
                                        data-to-list="cart"
                                        aria-label="Legg til 1 Glutenfri Pizzabunn Lettstekt i handlekurven"
                                        title="Legg til 1 Glutenfri Pizzabunn Lettstekt i handlekurven"
                                        
                                        
                                        data-tr-location="Product Category Parent"
                                        >
                                        <svg xmlns="http://www.w3.org/2000/svg" xmlns:xlink="http://www.w3.org/1999/xlink" version="1.1" class="icon icon-plus" x="0" y="0" viewBox="0 0 45 45" enable-background="new 0 0 45 45" xml:space="preserve" aria-label="Pluss-symbol">
    <polygon class="fill" points="45 19.6 25.4 19.6 25.4 0 19.6 0 19.6 19.6 0 19.6 0 25.4 19.6 25.4 19.6 45 25.4 45 25.4 25.4 45 25.4 "/>
</svg>

                                    </button>
                                    <div class="cart-quantity position-2" title="Antall i handlekurven">
                                        
                                    </div>
                                </div>
                            </div>
                        
                    

                </div>

        </div>
    </div>



        

    
</div>


    





                        
                    </div>
                
                    <h4 class="child-category-headline">
                        <a class="headline" href="/kategorier/1-brod-og-frokostblandinger/256-pasmurt/">Påsmurt</a>
                        <a href="/kategorier/1-brod-og-frokostblandinger/256-pasmurt/" class="btn btn-text-only pull-right">
                            <span class="hidden-xs">Vis alle i Påsmurt</span>
                            <span aria-label="Vis alle i Påsmurt" class="visible-xs-inline">Vis alle</span>
                            <span class="glyphicon glyphicon glyphicon-menu-right"></span>
                        </a>
                    </h4>

                    <div class="product-category-list ws-xs">
                        
                            
<div class="row">
    

        
            
        

        
        

            


    <div class="col-xs-6 col-sm-3 col-md-2">
        <div class="product-list-item ">

                


                
                


                
                    <a data-app-open-native href="/produkter/29642-strom-larsen-nysmurt-ciabatta-med-kylling/" class="modal-link">
                

                    <div>
                        <div class="image-container">
                            
                                <img src="https://bilder.kolonial.no/produkter/db510ef7-37ea-4108-a6f3-897dfdd9c400.jpg?fill=solid&amp;fill-color=ffffff&amp;fit=fill&amp;h=140&amp;w=140&amp;s=216de67ecbb2e3c50f69e8f228f023ce" alt="Nysmurt Ciabatta Med Kylling" width="140" height="140" title="Bilde: © Strøm-Larsen / Kolonial.no" srcset="https://bilder.kolonial.no/produkter/db510ef7-37ea-4108-a6f3-897dfdd9c400.jpg?fill=solid&amp;fill-color=ffffff&amp;fit=fill&amp;h=140&amp;w=140&amp;s=216de67ecbb2e3c50f69e8f228f023ce 1x, https://bilder.kolonial.no/produkter/db510ef7-37ea-4108-a6f3-897dfdd9c400.jpg?fill=solid&amp;fill-color=ffffff&amp;fit=fill&amp;h=280&amp;w=280&amp;s=3db160c2b84d1bcbb40d45b99a43be1a 2x" />
                            

                            
                            

                            <div class="product-classifiers">
                                

                                

                                

                                

                                

                                

                                

                                

                                

                                
                                    
                                        <div class="expiry" title="Vi garanterer 1 dagers holdbarhet på dette produktet">
                                            <p>
                                                1+
                                            </p>
                                        </div>
                                    
                                

                            </div>

                        </div>
                    </div>

                    <p class="price label label-price">
                        kr 59,90
                    </p>

                    
                        <p class="unit-price">
                            kr 59,90 per stk
                        </p>
                    

                    <h3 class="name">
                        <div class="name-main wrap-two-lines">Nysmurt Ciabatta Med Kylling</div>
                        <div class="name-extra wrap-one-line">
                            

                            1 stk
                        </div>
                    </h3>

                    

                        <div class="available-description">
                            <span class="label lead-time-label">
                                Kan leveres 8. sep
                            </span>
                        </div>

                    

                
                    </a>
                

                <div class="buttons">

                    
                        
                            <div class="add-to-cart-group" data-product="29642" >
                                <div class="not-in-cart">
                                    <button type="button"
                                        class=" add-to-cart btn btn-sm btn-primary"
                                        data-action="add-to-cart"
                                        data-product="29642"
                                        data-quantity="1"
                                        data-to-list="cart"
                                        aria-label="Kjøp Nysmurt Ciabatta Med Kylling 1 stk"
                                        
                                        
                                        data-tr-location="Product Category Parent"
                                        >
                                        Kjøp
                                    </button>
                                </div>
                                <div class="in-cart">
                                    <button type="button"
                                        class=" cart-quantity-change position-1"
                                        data-action="add-to-cart"
                                        data-product="29642"
                                        data-quantity="-1"
                                        data-to-list="cart"
                                        aria-label="Fjern 1 Nysmurt Ciabatta Med Kylling fra handlekurven"
                                        title="Fjern 1 Nysmurt Ciabatta Med Kylling fra handlekurven"
                                        
                                        
                                        data-tr-location="Product Category Parent"
                                        >
                                        <svg xmlns="http://www.w3.org/2000/svg" xmlns:xlink="http://www.w3.org/1999/xlink" version="1.1" class="icon icon-minus" y="0" viewBox="0 0 45 45" enable-background="new 0 0 45 45" xml:space="preserve" aria-label="Minus-symbol">
    <rect class="fill" x="0" y="19.6" width="45" height="5.8"/>
</svg>

                                    </button>
                                    <button type="button"
                                        class=" cart-quantity-change position-3"
                                        data-action="add-to-cart"
                                        data-product="29642"
                                        data-quantity="1"
                                        data-to-list="cart"
                                        aria-label="Legg til 1 Nysmurt Ciabatta Med Kylling i handlekurven"
                                        title="Legg til 1 Nysmurt Ciabatta Med Kylling i handlekurven"
                                        
                                        
                                        data-tr-location="Product Category Parent"
                                        >
                                        <svg xmlns="http://www.w3.org/2000/svg" xmlns:xlink="http://www.w3.org/1999/xlink" version="1.1" class="icon icon-plus" x="0" y="0" viewBox="0 0 45 45" enable-background="new 0 0 45 45" xml:space="preserve" aria-label="Pluss-symbol">
    <polygon class="fill" points="45 19.6 25.4 19.6 25.4 0 19.6 0 19.6 19.6 0 19.6 0 25.4 19.6 25.4 19.6 45 25.4 45 25.4 25.4 45 25.4 "/>
</svg>

                                    </button>
                                    <div class="cart-quantity position-2" title="Antall i handlekurven">
                                        
                                    </div>
                                </div>
                            </div>
                        
                    

                </div>

        </div>
    </div>



        

    

        
            
        

        
        

            


    <div class="col-xs-6 col-sm-3 col-md-2">
        <div class="product-list-item ">

                


                
                


                
                    <a data-app-open-native href="/produkter/29641-strom-larsen-nysmurt-ciabatta-med-ost-skinke/" class="modal-link">
                

                    <div>
                        <div class="image-container">
                            
                                <img src="https://bilder.kolonial.no/produkter/fa09431d-2f66-4ab7-8de3-cdd1de342bbe.jpg?fill=solid&amp;fill-color=ffffff&amp;fit=fill&amp;h=140&amp;w=140&amp;s=14488b9f7bf43acb2a1e1944df9663c6" alt="Nysmurt Ciabatta Med Ost &amp; Skinke" width="140" height="140" title="Bilde: © Strøm-Larsen / Kolonial.no" srcset="https://bilder.kolonial.no/produkter/fa09431d-2f66-4ab7-8de3-cdd1de342bbe.jpg?fill=solid&amp;fill-color=ffffff&amp;fit=fill&amp;h=140&amp;w=140&amp;s=14488b9f7bf43acb2a1e1944df9663c6 1x, https://bilder.kolonial.no/produkter/fa09431d-2f66-4ab7-8de3-cdd1de342bbe.jpg?fill=solid&amp;fill-color=ffffff&amp;fit=fill&amp;h=280&amp;w=280&amp;s=e43b34c14dc429686190697a3bb13aa3 2x" />
                            

                            
                            

                            <div class="product-classifiers">
                                

                                

                                

                                

                                

                                

                                

                                

                                

                                
                                    
                                        <div class="expiry" title="Vi garanterer 2 dagers holdbarhet på dette produktet">
                                            <p>
                                                2+
                                            </p>
                                        </div>
                                    
                                

                            </div>

                        </div>
                    </div>

                    <p class="price label label-price">
                        kr 59,90
                    </p>

                    
                        <p class="unit-price">
                            kr 59,90 per stk
                        </p>
                    

                    <h3 class="name">
                        <div class="name-main wrap-two-lines">Nysmurt Ciabatta Med Ost &amp; Skinke</div>
                        <div class="name-extra wrap-one-line">
                            

                            1 stk
                        </div>
                    </h3>

                    

                        <div class="available-description">
                            <span class="label lead-time-label">
                                Kan leveres 8. sep
                            </span>
                        </div>

                    

                
                    </a>
                

                <div class="buttons">

                    
                        
                            <div class="add-to-cart-group" data-product="29641" >
                                <div class="not-in-cart">
                                    <button type="button"
                                        class=" add-to-cart btn btn-sm btn-primary"
                                        data-action="add-to-cart"
                                        data-product="29641"
                                        data-quantity="1"
                                        data-to-list="cart"
                                        aria-label="Kjøp Nysmurt Ciabatta Med Ost &amp; Skinke 1 stk"
                                        
                                        
                                        data-tr-location="Product Category Parent"
                                        >
                                        Kjøp
                                    </button>
                                </div>
                                <div class="in-cart">
                                    <button type="button"
                                        class=" cart-quantity-change position-1"
                                        data-action="add-to-cart"
                                        data-product="29641"
                                        data-quantity="-1"
                                        data-to-list="cart"
                                        aria-label="Fjern 1 Nysmurt Ciabatta Med Ost &amp; Skinke fra handlekurven"
                                        title="Fjern 1 Nysmurt Ciabatta Med Ost &amp; Skinke fra handlekurven"
                                        
                                        
                                        data-tr-location="Product Category Parent"
                                        >
                                        <svg xmlns="http://www.w3.org/2000/svg" xmlns:xlink="http://www.w3.org/1999/xlink" version="1.1" class="icon icon-minus" y="0" viewBox="0 0 45 45" enable-background="new 0 0 45 45" xml:space="preserve" aria-label="Minus-symbol">
    <rect class="fill" x="0" y="19.6" width="45" height="5.8"/>
</svg>

                                    </button>
                                    <button type="button"
                                        class=" cart-quantity-change position-3"
                                        data-action="add-to-cart"
                                        data-product="29641"
                                        data-quantity="1"
                                        data-to-list="cart"
                                        aria-label="Legg til 1 Nysmurt Ciabatta Med Ost &amp; Skinke i handlekurven"
                                        title="Legg til 1 Nysmurt Ciabatta Med Ost &amp; Skinke i handlekurven"
                                        
                                        
                                        data-tr-location="Product Category Parent"
                                        >
                                        <svg xmlns="http://www.w3.org/2000/svg" xmlns:xlink="http://www.w3.org/1999/xlink" version="1.1" class="icon icon-plus" x="0" y="0" viewBox="0 0 45 45" enable-background="new 0 0 45 45" xml:space="preserve" aria-label="Pluss-symbol">
    <polygon class="fill" points="45 19.6 25.4 19.6 25.4 0 19.6 0 19.6 19.6 0 19.6 0 25.4 19.6 25.4 19.6 45 25.4 45 25.4 25.4 45 25.4 "/>
</svg>

                                    </button>
                                    <div class="cart-quantity position-2" title="Antall i handlekurven">
                                        
                                    </div>
                                </div>
                            </div>
                        
                    

                </div>

        </div>
    </div>



        

    

        
            
        

        
        

            


    <div class="col-xs-6 col-sm-3 col-md-2">
        <div class="product-list-item ">

                


                
                


                
                    <a data-app-open-native href="/produkter/29640-strom-larsen-nysmurt-ciabatta-med-roastbeef/" class="modal-link">
                

                    <div>
                        <div class="image-container">
                            
                                <img src="https://bilder.kolonial.no/produkter/76246ae1-34c5-4ccd-ac8e-b6a07d324489.jpg?fill=solid&amp;fill-color=ffffff&amp;fit=fill&amp;h=140&amp;w=140&amp;s=0b018f245513fa0d78e5d76e58a88036" alt="Nysmurt Ciabatta Med Roastbeef" width="140" height="140" title="Bilde: © Strøm-Larsen / Kolonial.no" srcset="https://bilder.kolonial.no/produkter/76246ae1-34c5-4ccd-ac8e-b6a07d324489.jpg?fill=solid&amp;fill-color=ffffff&amp;fit=fill&amp;h=140&amp;w=140&amp;s=0b018f245513fa0d78e5d76e58a88036 1x, https://bilder.kolonial.no/produkter/76246ae1-34c5-4ccd-ac8e-b6a07d324489.jpg?fill=solid&amp;fill-color=ffffff&amp;fit=fill&amp;h=280&amp;w=280&amp;s=40d47d45c359f93012d211a1afc2a720 2x" />
                            

                            
                            

                            <div class="product-classifiers">
                                

                                

                                

                                

                                

                                

                                

                                

                                

                                
                                    
                                        <div class="expiry" title="Vi garanterer 1 dagers holdbarhet på dette produktet">
                                            <p>
                                                1+
                                            </p>
                                        </div>
                                    
                                

                            </div>

                        </div>
                    </div>

                    <p class="price label label-price">
                        kr 59,90
                    </p>

                    
                        <p class="unit-price">
                            kr 272,27 per kg
                        </p>
                    

                    <h3 class="name">
                        <div class="name-main wrap-two-lines">Nysmurt Ciabatta Med Roastbeef</div>
                        <div class="name-extra wrap-one-line">
                            

                            220 g
                        </div>
                    </h3>

                    

                        <div class="available-description">
                            <span class="label lead-time-label">
                                Kan leveres 8. sep
                            </span>
                        </div>

                    

                
                    </a>
                

                <div class="buttons">

                    
                        
                            <div class="add-to-cart-group" data-product="29640" >
                                <div class="not-in-cart">
                                    <button type="button"
                                        class=" add-to-cart btn btn-sm btn-primary"
                                        data-action="add-to-cart"
                                        data-product="29640"
                                        data-quantity="1"
                                        data-to-list="cart"
                                        aria-label="Kjøp Nysmurt Ciabatta Med Roastbeef 220 g"
                                        
                                        
                                        data-tr-location="Product Category Parent"
                                        >
                                        Kjøp
                                    </button>
                                </div>
                                <div class="in-cart">
                                    <button type="button"
                                        class=" cart-quantity-change position-1"
                                        data-action="add-to-cart"
                                        data-product="29640"
                                        data-quantity="-1"
                                        data-to-list="cart"
                                        aria-label="Fjern 1 Nysmurt Ciabatta Med Roastbeef fra handlekurven"
                                        title="Fjern 1 Nysmurt Ciabatta Med Roastbeef fra handlekurven"
                                        
                                        
                                        data-tr-location="Product Category Parent"
                                        >
                                        <svg xmlns="http://www.w3.org/2000/svg" xmlns:xlink="http://www.w3.org/1999/xlink" version="1.1" class="icon icon-minus" y="0" viewBox="0 0 45 45" enable-background="new 0 0 45 45" xml:space="preserve" aria-label="Minus-symbol">
    <rect class="fill" x="0" y="19.6" width="45" height="5.8"/>
</svg>

                                    </button>
                                    <button type="button"
                                        class=" cart-quantity-change position-3"
                                        data-action="add-to-cart"
                                        data-product="29640"
                                        data-quantity="1"
                                        data-to-list="cart"
                                        aria-label="Legg til 1 Nysmurt Ciabatta Med Roastbeef i handlekurven"
                                        title="Legg til 1 Nysmurt Ciabatta Med Roastbeef i handlekurven"
                                        
                                        
                                        data-tr-location="Product Category Parent"
                                        >
                                        <svg xmlns="http://www.w3.org/2000/svg" xmlns:xlink="http://www.w3.org/1999/xlink" version="1.1" class="icon icon-plus" x="0" y="0" viewBox="0 0 45 45" enable-background="new 0 0 45 45" xml:space="preserve" aria-label="Pluss-symbol">
    <polygon class="fill" points="45 19.6 25.4 19.6 25.4 0 19.6 0 19.6 19.6 0 19.6 0 25.4 19.6 25.4 19.6 45 25.4 45 25.4 25.4 45 25.4 "/>
</svg>

                                    </button>
                                    <div class="cart-quantity position-2" title="Antall i handlekurven">
                                        
                                    </div>
                                </div>
                            </div>
                        
                    

                </div>

        </div>
    </div>



        

    

        
            
        

        
        

            


    <div class="col-xs-6 col-sm-3 col-md-2">
        <div class="product-list-item ">

                


                
                


                
                    <a data-app-open-native href="/produkter/29605-strom-larsen-nysmurt-ciabatta-med-rokt-laks-og-egg/" class="modal-link">
                

                    <div>
                        <div class="image-container">
                            
                                <img src="https://bilder.kolonial.no/produkter/6c27ac2a-85a7-48f4-92ee-4b749ff6476b.jpg?fill=solid&amp;fill-color=ffffff&amp;fit=fill&amp;h=140&amp;w=140&amp;s=39284ec70564e38f311be99a96a7c601" alt="Nysmurt Ciabatta Med Røkt Laks og Eggerøre" width="140" height="140" title="Bilde: © Strøm-Larsen / Kolonial.no" srcset="https://bilder.kolonial.no/produkter/6c27ac2a-85a7-48f4-92ee-4b749ff6476b.jpg?fill=solid&amp;fill-color=ffffff&amp;fit=fill&amp;h=140&amp;w=140&amp;s=39284ec70564e38f311be99a96a7c601 1x, https://bilder.kolonial.no/produkter/6c27ac2a-85a7-48f4-92ee-4b749ff6476b.jpg?fill=solid&amp;fill-color=ffffff&amp;fit=fill&amp;h=280&amp;w=280&amp;s=67e08abaffa56ea6badf872ecb70e007 2x" />
                            

                            
                            

                            <div class="product-classifiers">
                                

                                

                                

                                

                                

                                

                                

                                

                                

                                
                                    
                                        <div class="expiry" title="Vi garanterer 1 dagers holdbarhet på dette produktet">
                                            <p>
                                                1+
                                            </p>
                                        </div>
                                    
                                

                            </div>

                        </div>
                    </div>

                    <p class="price label label-price">
                        kr 59,90
                    </p>

                    
                        <p class="unit-price">
                            kr 59,90 per stk
                        </p>
                    

                    <h3 class="name">
                        <div class="name-main wrap-two-lines">Nysmurt Ciabatta Med Røkt Laks og Eggerøre</div>
                        <div class="name-extra wrap-one-line">
                            

                            1 stk
                        </div>
                    </h3>

                    

                        <div class="available-description">
                            <span class="label lead-time-label">
                                Kan leveres 8. sep
                            </span>
                        </div>

                    

                
                    </a>
                

                <div class="buttons">

                    
                        
                            <div class="add-to-cart-group" data-product="29605" >
                                <div class="not-in-cart">
                                    <button type="button"
                                        class=" add-to-cart btn btn-sm btn-primary"
                                        data-action="add-to-cart"
                                        data-product="29605"
                                        data-quantity="1"
                                        data-to-list="cart"
                                        aria-label="Kjøp Nysmurt Ciabatta Med Røkt Laks og Eggerøre 1 stk"
                                        
                                        
                                        data-tr-location="Product Category Parent"
                                        >
                                        Kjøp
                                    </button>
                                </div>
                                <div class="in-cart">
                                    <button type="button"
                                        class=" cart-quantity-change position-1"
                                        data-action="add-to-cart"
                                        data-product="29605"
                                        data-quantity="-1"
                                        data-to-list="cart"
                                        aria-label="Fjern 1 Nysmurt Ciabatta Med Røkt Laks og Eggerøre fra handlekurven"
                                        title="Fjern 1 Nysmurt Ciabatta Med Røkt Laks og Eggerøre fra handlekurven"
                                        
                                        
                                        data-tr-location="Product Category Parent"
                                        >
                                        <svg xmlns="http://www.w3.org/2000/svg" xmlns:xlink="http://www.w3.org/1999/xlink" version="1.1" class="icon icon-minus" y="0" viewBox="0 0 45 45" enable-background="new 0 0 45 45" xml:space="preserve" aria-label="Minus-symbol">
    <rect class="fill" x="0" y="19.6" width="45" height="5.8"/>
</svg>

                                    </button>
                                    <button type="button"
                                        class=" cart-quantity-change position-3"
                                        data-action="add-to-cart"
                                        data-product="29605"
                                        data-quantity="1"
                                        data-to-list="cart"
                                        aria-label="Legg til 1 Nysmurt Ciabatta Med Røkt Laks og Eggerøre i handlekurven"
                                        title="Legg til 1 Nysmurt Ciabatta Med Røkt Laks og Eggerøre i handlekurven"
                                        
                                        
                                        data-tr-location="Product Category Parent"
                                        >
                                        <svg xmlns="http://www.w3.org/2000/svg" xmlns:xlink="http://www.w3.org/1999/xlink" version="1.1" class="icon icon-plus" x="0" y="0" viewBox="0 0 45 45" enable-background="new 0 0 45 45" xml:space="preserve" aria-label="Pluss-symbol">
    <polygon class="fill" points="45 19.6 25.4 19.6 25.4 0 19.6 0 19.6 19.6 0 19.6 0 25.4 19.6 25.4 19.6 45 25.4 45 25.4 25.4 45 25.4 "/>
</svg>

                                    </button>
                                    <div class="cart-quantity position-2" title="Antall i handlekurven">
                                        
                                    </div>
                                </div>
                            </div>
                        
                    

                </div>

        </div>
    </div>



        

    

        
            
        

        
        

            


    <div class="col-xs-6 col-sm-3 col-md-2">
        <div class="product-list-item ">

                


                
                


                
                    <a data-app-open-native href="/produkter/29636-strom-larsen-nysmurt-vegetar-wraps/" class="modal-link">
                

                    <div>
                        <div class="image-container">
                            
                                <img src="https://bilder.kolonial.no/produkter/0c98c8ee-9760-4f87-beb1-cf65282c3316.jpg?fill=solid&amp;fill-color=ffffff&amp;fit=fill&amp;h=140&amp;w=140&amp;s=856a12edee05f6e1337ae4558f45969f" alt="Nysmurt Vegetar Wraps" width="140" height="140" title="Bilde: © Strøm-Larsen / Kolonial.no" srcset="https://bilder.kolonial.no/produkter/0c98c8ee-9760-4f87-beb1-cf65282c3316.jpg?fill=solid&amp;fill-color=ffffff&amp;fit=fill&amp;h=140&amp;w=140&amp;s=856a12edee05f6e1337ae4558f45969f 1x, https://bilder.kolonial.no/produkter/0c98c8ee-9760-4f87-beb1-cf65282c3316.jpg?fill=solid&amp;fill-color=ffffff&amp;fit=fill&amp;h=280&amp;w=280&amp;s=6cbe734ad5276990abef31517697119a 2x" />
                            

                            
                            

                            <div class="product-classifiers">
                                

                                

                                

                                

                                

                                

                                

                                

                                

                                
                                    
                                        <div class="expiry" title="Vi garanterer 1 dagers holdbarhet på dette produktet">
                                            <p>
                                                1+
                                            </p>
                                        </div>
                                    
                                

                            </div>

                        </div>
                    </div>

                    <p class="price label label-price">
                        kr 49,90
                    </p>

                    
                        <p class="unit-price">
                            kr 49,90 per stk
                        </p>
                    

                    <h3 class="name">
                        <div class="name-main wrap-two-lines">Nysmurt Vegetar Wraps</div>
                        <div class="name-extra wrap-one-line">
                            

                            1 stk
                        </div>
                    </h3>

                    

                        <div class="available-description">
                            <span class="label lead-time-label">
                                Kan leveres 8. sep
                            </span>
                        </div>

                    

                
                    </a>
                

                <div class="buttons">

                    
                        
                            <div class="add-to-cart-group" data-product="29636" >
                                <div class="not-in-cart">
                                    <button type="button"
                                        class=" add-to-cart btn btn-sm btn-primary"
                                        data-action="add-to-cart"
                                        data-product="29636"
                                        data-quantity="1"
                                        data-to-list="cart"
                                        aria-label="Kjøp Nysmurt Vegetar Wraps 1 stk"
                                        
                                        
                                        data-tr-location="Product Category Parent"
                                        >
                                        Kjøp
                                    </button>
                                </div>
                                <div class="in-cart">
                                    <button type="button"
                                        class=" cart-quantity-change position-1"
                                        data-action="add-to-cart"
                                        data-product="29636"
                                        data-quantity="-1"
                                        data-to-list="cart"
                                        aria-label="Fjern 1 Nysmurt Vegetar Wraps fra handlekurven"
                                        title="Fjern 1 Nysmurt Vegetar Wraps fra handlekurven"
                                        
                                        
                                        data-tr-location="Product Category Parent"
                                        >
                                        <svg xmlns="http://www.w3.org/2000/svg" xmlns:xlink="http://www.w3.org/1999/xlink" version="1.1" class="icon icon-minus" y="0" viewBox="0 0 45 45" enable-background="new 0 0 45 45" xml:space="preserve" aria-label="Minus-symbol">
    <rect class="fill" x="0" y="19.6" width="45" height="5.8"/>
</svg>

                                    </button>
                                    <button type="button"
                                        class=" cart-quantity-change position-3"
                                        data-action="add-to-cart"
                                        data-product="29636"
                                        data-quantity="1"
                                        data-to-list="cart"
                                        aria-label="Legg til 1 Nysmurt Vegetar Wraps i handlekurven"
                                        title="Legg til 1 Nysmurt Vegetar Wraps i handlekurven"
                                        
                                        
                                        data-tr-location="Product Category Parent"
                                        >
                                        <svg xmlns="http://www.w3.org/2000/svg" xmlns:xlink="http://www.w3.org/1999/xlink" version="1.1" class="icon icon-plus" x="0" y="0" viewBox="0 0 45 45" enable-background="new 0 0 45 45" xml:space="preserve" aria-label="Pluss-symbol">
    <polygon class="fill" points="45 19.6 25.4 19.6 25.4 0 19.6 0 19.6 19.6 0 19.6 0 25.4 19.6 25.4 19.6 45 25.4 45 25.4 25.4 45 25.4 "/>
</svg>

                                    </button>
                                    <div class="cart-quantity position-2" title="Antall i handlekurven">
                                        
                                    </div>
                                </div>
                            </div>
                        
                    

                </div>

        </div>
    </div>



        

    

        
            
        

        
        

            


    <div class="col-xs-6 col-sm-3 col-md-2">
        <div class="product-list-item ">

                


                
                


                
                    <a data-app-open-native href="/produkter/29633-strom-larsen-nysmurt-wrap-med-ost-og-skinke/" class="modal-link">
                

                    <div>
                        <div class="image-container">
                            
                                <img src="https://bilder.kolonial.no/produkter/37d31204-09dd-46da-97f6-33bad27e3ad6.jpg?fill=solid&amp;fill-color=ffffff&amp;fit=fill&amp;h=140&amp;w=140&amp;s=16792637b592b27ef291c54f38ddb907" alt="Nysmurt Wrap Med Ost og Skinke" width="140" height="140" title="Bilde: © Strøm-Larsen / Kolonial.no" srcset="https://bilder.kolonial.no/produkter/37d31204-09dd-46da-97f6-33bad27e3ad6.jpg?fill=solid&amp;fill-color=ffffff&amp;fit=fill&amp;h=140&amp;w=140&amp;s=16792637b592b27ef291c54f38ddb907 1x, https://bilder.kolonial.no/produkter/37d31204-09dd-46da-97f6-33bad27e3ad6.jpg?fill=solid&amp;fill-color=ffffff&amp;fit=fill&amp;h=280&amp;w=280&amp;s=13a2cd1d00d072afbab5b779a99b22da 2x" />
                            

                            
                            

                            <div class="product-classifiers">
                                

                                

                                

                                

                                

                                

                                

                                

                                

                                
                                    
                                        <div class="expiry" title="Vi garanterer 1 dagers holdbarhet på dette produktet">
                                            <p>
                                                1+
                                            </p>
                                        </div>
                                    
                                

                            </div>

                        </div>
                    </div>

                    <p class="price label label-price">
                        kr 49,90
                    </p>

                    
                        <p class="unit-price">
                            kr 49,90 per stk
                        </p>
                    

                    <h3 class="name">
                        <div class="name-main wrap-two-lines">Nysmurt Wrap Med Ost og Skinke</div>
                        <div class="name-extra wrap-one-line">
                            

                            1 stk
                        </div>
                    </h3>

                    

                        <div class="available-description">
                            <span class="label lead-time-label">
                                Kan leveres 8. sep
                            </span>
                        </div>

                    

                
                    </a>
                

                <div class="buttons">

                    
                        
                            <div class="add-to-cart-group" data-product="29633" >
                                <div class="not-in-cart">
                                    <button type="button"
                                        class=" add-to-cart btn btn-sm btn-primary"
                                        data-action="add-to-cart"
                                        data-product="29633"
                                        data-quantity="1"
                                        data-to-list="cart"
                                        aria-label="Kjøp Nysmurt Wrap Med Ost og Skinke 1 stk"
                                        
                                        
                                        data-tr-location="Product Category Parent"
                                        >
                                        Kjøp
                                    </button>
                                </div>
                                <div class="in-cart">
                                    <button type="button"
                                        class=" cart-quantity-change position-1"
                                        data-action="add-to-cart"
                                        data-product="29633"
                                        data-quantity="-1"
                                        data-to-list="cart"
                                        aria-label="Fjern 1 Nysmurt Wrap Med Ost og Skinke fra handlekurven"
                                        title="Fjern 1 Nysmurt Wrap Med Ost og Skinke fra handlekurven"
                                        
                                        
                                        data-tr-location="Product Category Parent"
                                        >
                                        <svg xmlns="http://www.w3.org/2000/svg" xmlns:xlink="http://www.w3.org/1999/xlink" version="1.1" class="icon icon-minus" y="0" viewBox="0 0 45 45" enable-background="new 0 0 45 45" xml:space="preserve" aria-label="Minus-symbol">
    <rect class="fill" x="0" y="19.6" width="45" height="5.8"/>
</svg>

                                    </button>
                                    <button type="button"
                                        class=" cart-quantity-change position-3"
                                        data-action="add-to-cart"
                                        data-product="29633"
                                        data-quantity="1"
                                        data-to-list="cart"
                                        aria-label="Legg til 1 Nysmurt Wrap Med Ost og Skinke i handlekurven"
                                        title="Legg til 1 Nysmurt Wrap Med Ost og Skinke i handlekurven"
                                        
                                        
                                        data-tr-location="Product Category Parent"
                                        >
                                        <svg xmlns="http://www.w3.org/2000/svg" xmlns:xlink="http://www.w3.org/1999/xlink" version="1.1" class="icon icon-plus" x="0" y="0" viewBox="0 0 45 45" enable-background="new 0 0 45 45" xml:space="preserve" aria-label="Pluss-symbol">
    <polygon class="fill" points="45 19.6 25.4 19.6 25.4 0 19.6 0 19.6 19.6 0 19.6 0 25.4 19.6 25.4 19.6 45 25.4 45 25.4 25.4 45 25.4 "/>
</svg>

                                    </button>
                                    <div class="cart-quantity position-2" title="Antall i handlekurven">
                                        
                                    </div>
                                </div>
                            </div>
                        
                    

                </div>

        </div>
    </div>



        

    
</div>


    





                        
                    </div>
                

            </div>
        </div>

    </div>


                        </div>
                    </div>
                
            </div>
        </div>
    </div>

    
    


    <div class="wide-container concept-promotion-banners">

        <div class="main-message">
                <p class="lead">
                    Kolonial.no er Norges største matbutikk på nett. <br class="hidden-xs">
                    Vi har utvalg som et supermarked, fantastisk kvalitet og ordentlig lave priser.<br>
                    <a class="ws-xs btn btn-lg btn-brand" href="/bruker/registrer/">Bli kunde!</a>
                </p>
        </div>

        
<div class="text-center price-testimonials">
    <div class="content-container">
        <div class="row">
            <div class="col-xs-12 col-sm-6 col-sm-offset-3">
                <a target="_blank" rel="nofollow noopener noreferrer" href="http://enhver.no/pristest-dagligvarer-pa-nett-butikk-utfort-16-juni/">
                    <h4>
                        «Ønsker man å hente varene selv [...] er Kolonial.no den rimeligste butikken, med 4,8% lavere pris enn Kiwi»
                    </h4>
                    <svg xmlns="http://www.w3.org/2000/svg" viewBox="0 0 1256.3 242.5" class="media-outlet-logo enhver" aria-label="Enhver.no">
    <title>Enhver.no</title>
    <path class="cart" d="M77.7 157.5c2.7 0.5 5.4 1.1 8.2 1.1 9.7 1.8 19.5 3.1 29.4 4.4 2.2 0.3 4.4 0.7 6.6 1 9.5 1.6 19.1 3.1 28.7 4.2 2.6 0.7 5.2 0.9 7.9 1.3 3 0.5 5.9 1 8.9 1.4 6.5 0.9 13 1.8 19.5 2.8 7.4 2 12.8-0.8 15.3-7.9 17-48.5 34-97 51-145.5 3.7-10.5 10.8-17.2 21.6-19.8 0.4-0.1 0.9 0 1-0.5 3 0 6.1 0 9.1 0 10.6 3.2 21.1 6.4 31.7 9.6 2 0.6 4 1.2 6 1.8 5.7 1.9 8.7 7.4 7 12.7 -1.7 5.4-7.3 8.3-12.9 6.6 -10.7-3.2-21.4-6.5-32.1-9.7 -6.2-1.9-10.3 0.2-12.5 6.2 -18.8 53.7-37.7 107.4-56.5 161.1 -2.6 7.4-6 9.4-13.8 8.3 -33.3-5-66.5-9.9-99.8-14.8 -27-4-54-8.1-81.1-12.1 -5.6-0.8-8.9-4-9.5-9.8 -1.7-15.5-3.3-31.1-5-46.7C4.7 96.5 3 79.8 1.2 63 0.8 59.4 0.3 55.7 0 52c-0.5-7 3.8-11.6 10.8-11.6 17 0 34 0 51 0 7.6 0 12.3 5.8 10.7 13.3 -0.9 4.2-4.2 6.8-8.8 6.8 -10.7 0-21.4 0-32.1 0 -7 0-10.1 3.6-9.3 10.6 1.7 15.1 3.2 30.3 4.8 45.4 0.9 8.4 1.7 16.7 2.6 25.1 0.6 4.8 4.3 9 9.1 10.1 2.9 0.6 6 0.9 9 1.3C57.8 154.5 67.7 156 77.7 157.5z"/>
    <path class="st1" d="M186.8 173.8c-6.5-0.9-13-1.8-19.5-2.8 -3-0.4-5.9-0.9-8.9-1.4 3.3-18.6 6.7-37.2 10-55.8 4.8-26.7 9.6-53.4 14.5-80.1 0.6-3.5 1.2-6.9 1.9-10.4 0.9-4.6 4.5-8.2 9.1-8.6 7.4-0.7 14.8-0.4 22.2 0 4.2 0.3 6.5 4.2 5.5 8.8 -3.7 16.1-7.5 32.2-11.2 48.4 -7.7 33.2-15.3 66.3-23 99.5C187.2 172.1 187 173 186.8 173.8z"/>
    <path class="st2" d="M150.5 168.3c-9.6-1.1-19.2-2.7-28.7-4.2 1.5-16.7 3-33.3 4.5-50 1.6-17.8 3.2-35.7 4.8-53.5 0.6-6.5 1.2-13.1 1.7-19.6 0.5-7.3 4.4-10.9 11.7-11 4.5 0 8.9 0 13.4 0 6.5 0.1 9.6 3.5 8.8 9.9 -3.2 25.6-6.4 51.2-9.6 76.8 -2 16.4-4.1 32.9-6.1 49.3C150.9 166.9 150.7 167.6 150.5 168.3z"/>
    <path class="st1" d="M115.2 163.1c-9.8-1.3-19.6-2.7-29.4-4.4 -0.6-32.8-1.3-65.6-1.9-98.4 -0.1-7.6 3.1-10.8 10.6-10.9 4.6 0 9.3 0 13.9 0 5.9 0.1 9.4 3.6 9.3 9.5 -0.7 33.8-1.4 67.6-2.2 101.5C115.5 161.3 115.3 162.2 115.2 163.1z"/>
    <path class="st2" d="M77.7 157.5c-9.9-1.5-19.8-3-29.7-4.5 -1.5-20.3-2.9-40.6-4.4-60.9 -0.1-1-0.1-2-0.1-3 0-4.8 3.1-8.4 8-8.6 4.7-0.2 9.4-0.2 14.1 0 5.2 0.2 9 4.1 9.2 9.2 1 21.1 2 42.2 2.9 63.3C77.7 154.5 77.7 156 77.7 157.5z"/>
    <path class="cart" d="M81.5 204.2C80.7 217 70.6 226.1 58 225.3c-11.8-0.8-20.8-11.3-20.1-23.5 0.7-11.6 11.2-21.1 22.5-20.3C73 182.3 82.3 192.3 81.5 204.2z"/>
    <path class="cart" d="M180.3 220.5c0 12.3-9.6 21.9-21.9 22 -12 0.1-21.8-9.6-21.9-21.7 -0.2-11.9 9.6-21.9 21.7-22C170.4 198.6 180.3 208.3 180.3 220.5z"/>
    <path class="font" d="M1255.3 118.7c-2.6-21-12.1-31.9-30.9-34.9 -16.1-2.6-32.2-2.7-48.3-0.1 -18.2 2.9-27.7 12.4-30.8 30.4 -2.7 16.1-2.7 32.2-0.1 48.2 3.1 18.3 12.2 27.3 30.5 30.7 2.5 0.5 5.3-0.1 7.5 1.7 10.7 0 21.3 0 32 0 3-1.7 6.3-1.3 9.5-1.9 16.9-3.1 26.3-12.4 29.5-29.3 0.5-2.6 0.1-5.6 2-7.9 0-11 0-22 0-33C1254.7 121.8 1255.5 120.1 1255.3 118.7zM1213.2 156c-1.2 6.7-5.7 9.6-13.2 9.6 -7.4 0.1-11.8-2.8-13.6-9.2 -0.4-1.3-0.8-2.6-0.8-3.9 -0.1-4.8 0-9.6 0-14.5 0-5.8-0.8-11.7 0.8-17.4 1.9-6.7 6.2-9.7 13.8-9.6 7.5 0.1 11.9 2.9 13.1 9.7C1215.4 132.5 1215.4 144.3 1213.2 156z"/>
    <path class="font" d="M773 83c-11.7 0.1-23.3 0.2-35 0 -3-0.1-4 1.1-4.6 3.8 -4.3 19-8.7 37.9-13.1 56.8 -0.6 2.5-0.4 6.5-3.3 6.6 -3.1 0.1-2.9-4-3.4-6.4 -4.5-18.8-8.9-37.5-13-56.4 -0.8-3.5-2.1-4.5-5.6-4.4 -11 0.2-22 0.2-33 0 -4.2-0.1-5 0.8-3.7 4.9 8.4 26.1 17.1 52.1 24.6 78.5 3.9 13.7 8.9 25.3 24.5 28.4 6.3 0 12.7 0 19 0 1.6-1.7 3.9-1.3 5.9-2 7-2.4 12.3-6.6 14.6-13.9 9.7-30.7 19.3-61.5 29.1-92.2C776.9 83.6 775.9 83 773 83z"/>
    <path class="font" d="M651.9 123.6c-0.4-21.2-12.1-34.7-33-39.1 -9.7-2.1-19.6-1.4-29.4-1.3 -3.6 0-4.4-1.1-4.3-4.5 0.2-8.8-0.1-17.7 0.2-26.5 0.1-3.3-0.5-4.6-4.2-4.5 -10.8 0.3-21.7 0.3-32.5 0 -3.6-0.1-4.4 1-4.4 4.4 0.2 22.8 0.1 45.7 0.1 68.5 0 22.8 0.1 45.7-0.1 68.5 0 3.8 1 4.8 4.7 4.7 10.3-0.3 20.7-0.3 31 0 4.4 0.2 5.5-1 5.5-5.4 -0.2-23.8-0.1-47.7-0.1-71.5 0-1.8-1.3-4.3 2.6-4.5 14.6-0.8 21.9 5.4 23 19.9 0.2 2 0.1 4 0.1 6 0 17.2 0.1 34.3-0.1 51.5 0 3 0.6 4.1 3.8 4 11.2-0.2 22.3-0.2 33.5 0 2.9 0 3.7-0.9 3.7-3.7C652 167.9 652.4 145.7 651.9 123.6z"/>
    <path class="font" d="M1130.3 121.5c-0.3-21.5-14.1-35.9-35.4-37.8 -16.9-1.5-34-0.9-50.9-0.4 -14.6 0.4-20.6 7.2-20.8 21.8 -0.2 13.7 0 27.3 0 41 0 0 0 0 0 0 0 14.5 0.1 29-0.1 43.5 0 3.2 0.8 4.3 4.1 4.2 10.8-0.2 21.7-0.2 32.5 0 3.6 0.1 4.4-1.1 4.4-4.5 -0.2-15.7-0.1-31.3-0.1-47 0-7.7 0.1-15.3 0.1-23 0-3 0.8-6 4.3-6.4 11.4-1.4 21.2 0.1 21.1 15 0 1.7 0.1 3.3 0.1 5 0 18.7 0.2 37.3 0 56 0 4.1 1.2 5 5 4.9 10.7-0.2 21.3-0.2 32 0 2.9 0 4.1-0.5 4-3.8C1130.4 167.1 1130.7 144.3 1130.3 121.5z"/>
    <path class="font" d="M528.4 121.6c-0.4-21.9-14-36-35.9-37.9 -16.8-1.4-33.6-0.9-50.4-0.4 -14.7 0.4-20.8 7.4-20.9 22.3 -0.1 13.5 0 27 0 40.5 0 14.5 0.1 29-0.1 43.5 0 3.1 0.6 4.3 4.1 4.3 10.8-0.2 21.7-0.2 32.5 0 3.4 0.1 4.6-0.8 4.5-4.4 -0.2-12.3-0.1-24.6-0.1-37 0-10.8 0-21.7 0-32.5 0-3.4 0.6-6.6 4.7-7.1 12.1-1.4 20.9 0.9 20.7 15.5 0 2.5 0.2 5 0.2 7.5 0 17.8 0.1 35.6-0.1 53.5 0 3.4 0.8 4.6 4.4 4.5 10.8-0.2 21.7-0.2 32.5 0 2.8 0 4.2-0.3 4.1-3.7C528.5 167.2 528.8 144.4 528.4 121.6z"/>
    <path class="font" d="M962.4 83c-11 0-22 0-32.8 1.9 -18.3 3.3-28.5 13.4-31.5 31.8 -2.1 12.7-0.4 25.6-0.9 36.1 0 13.8 0.1 25.3-0.1 36.7 -0.1 3.3 1 4.2 4.2 4.2 10.6-0.2 21.3-0.3 32 0 4.1 0.1 4.9-1.3 4.9-5.1 -0.2-16.5-0.2-33 0.1-49.4 0.3-17.8 7.3-27.4 24.5-26.8 2.6 0.1 3-1.2 3-3.4 -0.1-7.7-0.1-15.3 0-23C965.6 83.7 964.7 83 962.4 83z"/>
    <path class="font" d="M1004.8 159c0-2.4-0.7-3.2-3.2-3.2 -10.3 0.1-20.7 0.1-31 0 -2.4 0-3.2 0.9-3.1 3.2 0.1 5.2 0 10.3 0 15.5 0 5.2 0.1 10.3 0 15.5 0 2.3 0.3 3.7 3.2 3.6 10.3-0.1 20.7-0.1 31 0 2.5 0 3.1-0.9 3.1-3.2C1004.7 180 1004.7 169.5 1004.8 159z"/>
    <path class="font" d="M381.9 83.2c-15.9-2-32-2.2-47.9 0.1 -18.7 2.6-25 9.3-28.3 28.1 -0.3 1.8 0.5 4-1.4 5.5 0 13.3 0 26.7 0 40 1.6 0.8 0.9 2.4 1 3.6 2.9 21.3 10.1 31.6 33.2 32.8 21 1.1 42 0.2 63 0.5 2.8 0 2.8-1.4 2.8-3.4 -0.1-7.2-0.2-14.3 0.1-21.5 0.1-3.3-1.1-3.8-4-3.8 -11.8 0.1-23.7 0.1-35.5 0.1 -4 0-8-0.1-11.9-1.3 -3.8-1.2-6.2-3.6-7.3-7.5 -0.9-3.2-0.5-4.8 3.5-4.7 13.5 0.2 27 0.2 40.5 0.1 10.5-0.1 15.9-4.8 17.7-15.2 1.7-10 1.1-19.9-0.9-29.8C403.6 91.9 396.7 85.1 381.9 83.2zM367.3 119.3c-0.2 4.9-2.1 6.4-8.5 6.4 -1.5 0-3 0-4.5 0 -0.4 0-0.8 0.1-1.1 0.1 -0.1 0-0.2 0-0.3-0.1 -2.5-1-6.8 2.5-7.5-2.5 -1-6.8 2.3-11.7 7.7-12.5 2.1-0.3 4.3-0.4 6.4-0.3C365.9 110.9 367.6 112.9 367.3 119.3z"/>
    <path class="font" d="M857.4 83.1c-17.1-1.9-34.2-2-51.3 0.7 -13.2 2.1-21.2 9.4-23.5 22.4 -3.6 20.5-3.7 41.1 0 61.6 2.8 15.8 11.9 23.3 28 25 12 1.3 24 0.5 34.1 0.8 11.7 0 21.5-0.2 31.4 0.1 3.6 0.1 4.5-1.1 4.4-4.5 -0.3-6.3-0.3-12.7 0-19 0.2-4-0.8-5.4-5.1-5.3 -11.5 0.3-23 0.1-34.5 0.1 -4 0-8-0.1-11.9-1.3 -3.8-1.2-6.3-3.6-7.3-7.5 -0.8-3.1-0.5-4.8 3.5-4.7 13.3 0.2 26.6 0.1 40 0.1 11.1-0.1 16.6-4.9 18.3-15.7 1.6-9.7 0.9-19.3-0.9-28.8C879.6 92 872.4 84.8 857.4 83.1zM843.3 119.2c-0.2 4.9-2.2 6.4-8.5 6.5 -1.5 0-3 0-4.5 0 -0.5 0-1.1 0.1-1.5 0.1 -0.2 0-0.3-0.1-0.4-0.1 -2.3-1.1-6.4 2.7-7.1-2.4 -0.8-6.3 2-11.4 6.7-12.4 2.4-0.5 5-0.6 7.4-0.4C841.8 110.9 843.6 113 843.3 119.2z"/>
</svg>

                    <p class="small muted">Uavhengig pristest, 16. juni 2017</p>
                </a>
            </div>
        </div>
        <div class="row">
            <div class="col-xs-6 col-sm-4 col-md-3">
                <a target="_blank" rel="nofollow noopener noreferrer" href="http://enhver.no/prissammenligning-dagligvarer-pa-nett-butikk-2/">
                    <h4>
                        På nytt billigst på nett!
                    </h4>
                    <svg xmlns="http://www.w3.org/2000/svg" viewBox="0 0 1256.3 242.5" class="media-outlet-logo enhver" aria-label="Enhver.no">
    <title>Enhver.no</title>
    <path class="cart" d="M77.7 157.5c2.7 0.5 5.4 1.1 8.2 1.1 9.7 1.8 19.5 3.1 29.4 4.4 2.2 0.3 4.4 0.7 6.6 1 9.5 1.6 19.1 3.1 28.7 4.2 2.6 0.7 5.2 0.9 7.9 1.3 3 0.5 5.9 1 8.9 1.4 6.5 0.9 13 1.8 19.5 2.8 7.4 2 12.8-0.8 15.3-7.9 17-48.5 34-97 51-145.5 3.7-10.5 10.8-17.2 21.6-19.8 0.4-0.1 0.9 0 1-0.5 3 0 6.1 0 9.1 0 10.6 3.2 21.1 6.4 31.7 9.6 2 0.6 4 1.2 6 1.8 5.7 1.9 8.7 7.4 7 12.7 -1.7 5.4-7.3 8.3-12.9 6.6 -10.7-3.2-21.4-6.5-32.1-9.7 -6.2-1.9-10.3 0.2-12.5 6.2 -18.8 53.7-37.7 107.4-56.5 161.1 -2.6 7.4-6 9.4-13.8 8.3 -33.3-5-66.5-9.9-99.8-14.8 -27-4-54-8.1-81.1-12.1 -5.6-0.8-8.9-4-9.5-9.8 -1.7-15.5-3.3-31.1-5-46.7C4.7 96.5 3 79.8 1.2 63 0.8 59.4 0.3 55.7 0 52c-0.5-7 3.8-11.6 10.8-11.6 17 0 34 0 51 0 7.6 0 12.3 5.8 10.7 13.3 -0.9 4.2-4.2 6.8-8.8 6.8 -10.7 0-21.4 0-32.1 0 -7 0-10.1 3.6-9.3 10.6 1.7 15.1 3.2 30.3 4.8 45.4 0.9 8.4 1.7 16.7 2.6 25.1 0.6 4.8 4.3 9 9.1 10.1 2.9 0.6 6 0.9 9 1.3C57.8 154.5 67.7 156 77.7 157.5z"/>
    <path class="st1" d="M186.8 173.8c-6.5-0.9-13-1.8-19.5-2.8 -3-0.4-5.9-0.9-8.9-1.4 3.3-18.6 6.7-37.2 10-55.8 4.8-26.7 9.6-53.4 14.5-80.1 0.6-3.5 1.2-6.9 1.9-10.4 0.9-4.6 4.5-8.2 9.1-8.6 7.4-0.7 14.8-0.4 22.2 0 4.2 0.3 6.5 4.2 5.5 8.8 -3.7 16.1-7.5 32.2-11.2 48.4 -7.7 33.2-15.3 66.3-23 99.5C187.2 172.1 187 173 186.8 173.8z"/>
    <path class="st2" d="M150.5 168.3c-9.6-1.1-19.2-2.7-28.7-4.2 1.5-16.7 3-33.3 4.5-50 1.6-17.8 3.2-35.7 4.8-53.5 0.6-6.5 1.2-13.1 1.7-19.6 0.5-7.3 4.4-10.9 11.7-11 4.5 0 8.9 0 13.4 0 6.5 0.1 9.6 3.5 8.8 9.9 -3.2 25.6-6.4 51.2-9.6 76.8 -2 16.4-4.1 32.9-6.1 49.3C150.9 166.9 150.7 167.6 150.5 168.3z"/>
    <path class="st1" d="M115.2 163.1c-9.8-1.3-19.6-2.7-29.4-4.4 -0.6-32.8-1.3-65.6-1.9-98.4 -0.1-7.6 3.1-10.8 10.6-10.9 4.6 0 9.3 0 13.9 0 5.9 0.1 9.4 3.6 9.3 9.5 -0.7 33.8-1.4 67.6-2.2 101.5C115.5 161.3 115.3 162.2 115.2 163.1z"/>
    <path class="st2" d="M77.7 157.5c-9.9-1.5-19.8-3-29.7-4.5 -1.5-20.3-2.9-40.6-4.4-60.9 -0.1-1-0.1-2-0.1-3 0-4.8 3.1-8.4 8-8.6 4.7-0.2 9.4-0.2 14.1 0 5.2 0.2 9 4.1 9.2 9.2 1 21.1 2 42.2 2.9 63.3C77.7 154.5 77.7 156 77.7 157.5z"/>
    <path class="cart" d="M81.5 204.2C80.7 217 70.6 226.1 58 225.3c-11.8-0.8-20.8-11.3-20.1-23.5 0.7-11.6 11.2-21.1 22.5-20.3C73 182.3 82.3 192.3 81.5 204.2z"/>
    <path class="cart" d="M180.3 220.5c0 12.3-9.6 21.9-21.9 22 -12 0.1-21.8-9.6-21.9-21.7 -0.2-11.9 9.6-21.9 21.7-22C170.4 198.6 180.3 208.3 180.3 220.5z"/>
    <path class="font" d="M1255.3 118.7c-2.6-21-12.1-31.9-30.9-34.9 -16.1-2.6-32.2-2.7-48.3-0.1 -18.2 2.9-27.7 12.4-30.8 30.4 -2.7 16.1-2.7 32.2-0.1 48.2 3.1 18.3 12.2 27.3 30.5 30.7 2.5 0.5 5.3-0.1 7.5 1.7 10.7 0 21.3 0 32 0 3-1.7 6.3-1.3 9.5-1.9 16.9-3.1 26.3-12.4 29.5-29.3 0.5-2.6 0.1-5.6 2-7.9 0-11 0-22 0-33C1254.7 121.8 1255.5 120.1 1255.3 118.7zM1213.2 156c-1.2 6.7-5.7 9.6-13.2 9.6 -7.4 0.1-11.8-2.8-13.6-9.2 -0.4-1.3-0.8-2.6-0.8-3.9 -0.1-4.8 0-9.6 0-14.5 0-5.8-0.8-11.7 0.8-17.4 1.9-6.7 6.2-9.7 13.8-9.6 7.5 0.1 11.9 2.9 13.1 9.7C1215.4 132.5 1215.4 144.3 1213.2 156z"/>
    <path class="font" d="M773 83c-11.7 0.1-23.3 0.2-35 0 -3-0.1-4 1.1-4.6 3.8 -4.3 19-8.7 37.9-13.1 56.8 -0.6 2.5-0.4 6.5-3.3 6.6 -3.1 0.1-2.9-4-3.4-6.4 -4.5-18.8-8.9-37.5-13-56.4 -0.8-3.5-2.1-4.5-5.6-4.4 -11 0.2-22 0.2-33 0 -4.2-0.1-5 0.8-3.7 4.9 8.4 26.1 17.1 52.1 24.6 78.5 3.9 13.7 8.9 25.3 24.5 28.4 6.3 0 12.7 0 19 0 1.6-1.7 3.9-1.3 5.9-2 7-2.4 12.3-6.6 14.6-13.9 9.7-30.7 19.3-61.5 29.1-92.2C776.9 83.6 775.9 83 773 83z"/>
    <path class="font" d="M651.9 123.6c-0.4-21.2-12.1-34.7-33-39.1 -9.7-2.1-19.6-1.4-29.4-1.3 -3.6 0-4.4-1.1-4.3-4.5 0.2-8.8-0.1-17.7 0.2-26.5 0.1-3.3-0.5-4.6-4.2-4.5 -10.8 0.3-21.7 0.3-32.5 0 -3.6-0.1-4.4 1-4.4 4.4 0.2 22.8 0.1 45.7 0.1 68.5 0 22.8 0.1 45.7-0.1 68.5 0 3.8 1 4.8 4.7 4.7 10.3-0.3 20.7-0.3 31 0 4.4 0.2 5.5-1 5.5-5.4 -0.2-23.8-0.1-47.7-0.1-71.5 0-1.8-1.3-4.3 2.6-4.5 14.6-0.8 21.9 5.4 23 19.9 0.2 2 0.1 4 0.1 6 0 17.2 0.1 34.3-0.1 51.5 0 3 0.6 4.1 3.8 4 11.2-0.2 22.3-0.2 33.5 0 2.9 0 3.7-0.9 3.7-3.7C652 167.9 652.4 145.7 651.9 123.6z"/>
    <path class="font" d="M1130.3 121.5c-0.3-21.5-14.1-35.9-35.4-37.8 -16.9-1.5-34-0.9-50.9-0.4 -14.6 0.4-20.6 7.2-20.8 21.8 -0.2 13.7 0 27.3 0 41 0 0 0 0 0 0 0 14.5 0.1 29-0.1 43.5 0 3.2 0.8 4.3 4.1 4.2 10.8-0.2 21.7-0.2 32.5 0 3.6 0.1 4.4-1.1 4.4-4.5 -0.2-15.7-0.1-31.3-0.1-47 0-7.7 0.1-15.3 0.1-23 0-3 0.8-6 4.3-6.4 11.4-1.4 21.2 0.1 21.1 15 0 1.7 0.1 3.3 0.1 5 0 18.7 0.2 37.3 0 56 0 4.1 1.2 5 5 4.9 10.7-0.2 21.3-0.2 32 0 2.9 0 4.1-0.5 4-3.8C1130.4 167.1 1130.7 144.3 1130.3 121.5z"/>
    <path class="font" d="M528.4 121.6c-0.4-21.9-14-36-35.9-37.9 -16.8-1.4-33.6-0.9-50.4-0.4 -14.7 0.4-20.8 7.4-20.9 22.3 -0.1 13.5 0 27 0 40.5 0 14.5 0.1 29-0.1 43.5 0 3.1 0.6 4.3 4.1 4.3 10.8-0.2 21.7-0.2 32.5 0 3.4 0.1 4.6-0.8 4.5-4.4 -0.2-12.3-0.1-24.6-0.1-37 0-10.8 0-21.7 0-32.5 0-3.4 0.6-6.6 4.7-7.1 12.1-1.4 20.9 0.9 20.7 15.5 0 2.5 0.2 5 0.2 7.5 0 17.8 0.1 35.6-0.1 53.5 0 3.4 0.8 4.6 4.4 4.5 10.8-0.2 21.7-0.2 32.5 0 2.8 0 4.2-0.3 4.1-3.7C528.5 167.2 528.8 144.4 528.4 121.6z"/>
    <path class="font" d="M962.4 83c-11 0-22 0-32.8 1.9 -18.3 3.3-28.5 13.4-31.5 31.8 -2.1 12.7-0.4 25.6-0.9 36.1 0 13.8 0.1 25.3-0.1 36.7 -0.1 3.3 1 4.2 4.2 4.2 10.6-0.2 21.3-0.3 32 0 4.1 0.1 4.9-1.3 4.9-5.1 -0.2-16.5-0.2-33 0.1-49.4 0.3-17.8 7.3-27.4 24.5-26.8 2.6 0.1 3-1.2 3-3.4 -0.1-7.7-0.1-15.3 0-23C965.6 83.7 964.7 83 962.4 83z"/>
    <path class="font" d="M1004.8 159c0-2.4-0.7-3.2-3.2-3.2 -10.3 0.1-20.7 0.1-31 0 -2.4 0-3.2 0.9-3.1 3.2 0.1 5.2 0 10.3 0 15.5 0 5.2 0.1 10.3 0 15.5 0 2.3 0.3 3.7 3.2 3.6 10.3-0.1 20.7-0.1 31 0 2.5 0 3.1-0.9 3.1-3.2C1004.7 180 1004.7 169.5 1004.8 159z"/>
    <path class="font" d="M381.9 83.2c-15.9-2-32-2.2-47.9 0.1 -18.7 2.6-25 9.3-28.3 28.1 -0.3 1.8 0.5 4-1.4 5.5 0 13.3 0 26.7 0 40 1.6 0.8 0.9 2.4 1 3.6 2.9 21.3 10.1 31.6 33.2 32.8 21 1.1 42 0.2 63 0.5 2.8 0 2.8-1.4 2.8-3.4 -0.1-7.2-0.2-14.3 0.1-21.5 0.1-3.3-1.1-3.8-4-3.8 -11.8 0.1-23.7 0.1-35.5 0.1 -4 0-8-0.1-11.9-1.3 -3.8-1.2-6.2-3.6-7.3-7.5 -0.9-3.2-0.5-4.8 3.5-4.7 13.5 0.2 27 0.2 40.5 0.1 10.5-0.1 15.9-4.8 17.7-15.2 1.7-10 1.1-19.9-0.9-29.8C403.6 91.9 396.7 85.1 381.9 83.2zM367.3 119.3c-0.2 4.9-2.1 6.4-8.5 6.4 -1.5 0-3 0-4.5 0 -0.4 0-0.8 0.1-1.1 0.1 -0.1 0-0.2 0-0.3-0.1 -2.5-1-6.8 2.5-7.5-2.5 -1-6.8 2.3-11.7 7.7-12.5 2.1-0.3 4.3-0.4 6.4-0.3C365.9 110.9 367.6 112.9 367.3 119.3z"/>
    <path class="font" d="M857.4 83.1c-17.1-1.9-34.2-2-51.3 0.7 -13.2 2.1-21.2 9.4-23.5 22.4 -3.6 20.5-3.7 41.1 0 61.6 2.8 15.8 11.9 23.3 28 25 12 1.3 24 0.5 34.1 0.8 11.7 0 21.5-0.2 31.4 0.1 3.6 0.1 4.5-1.1 4.4-4.5 -0.3-6.3-0.3-12.7 0-19 0.2-4-0.8-5.4-5.1-5.3 -11.5 0.3-23 0.1-34.5 0.1 -4 0-8-0.1-11.9-1.3 -3.8-1.2-6.3-3.6-7.3-7.5 -0.8-3.1-0.5-4.8 3.5-4.7 13.3 0.2 26.6 0.1 40 0.1 11.1-0.1 16.6-4.9 18.3-15.7 1.6-9.7 0.9-19.3-0.9-28.8C879.6 92 872.4 84.8 857.4 83.1zM843.3 119.2c-0.2 4.9-2.2 6.4-8.5 6.5 -1.5 0-3 0-4.5 0 -0.5 0-1.1 0.1-1.5 0.1 -0.2 0-0.3-0.1-0.4-0.1 -2.3-1.1-6.4 2.7-7.1-2.4 -0.8-6.3 2-11.4 6.7-12.4 2.4-0.5 5-0.6 7.4-0.4C841.8 110.9 843.6 113 843.3 119.2z"/>
</svg>

                    <p class="small muted">Uavhengig pristest, 10. mars 2017</p>
                </a>
            </div>
            <div class="col-xs-6 col-sm-4 col-md-3">
                <a target="_blank" rel="nofollow noopener noreferrer" href="https://pluss.vg.no/2016/06/20/2441/2441_23712896">
                    <h4>
                        Kolonial.no billigst på nett
                    </h4>
                    <svg xmlns="http://www.w3.org/2000/svg" viewBox="0 0 547.2 127.6" class="media-outlet-logo vg" aria-label="VG">
<title>VG</title>
  <rect x="-25.3" y="-16.7" width="594" height="160.3" class="background"/>
  <path d="M482.8 111.3H309.5c0 0-21 1.2-21-17.6V36.3c0-22.3 21-21 21-21h175.1c21.5 0 21.1 21.1 21.1 21.1v3.5h-68.4v-3.8c0 0-0.8-9.8-12.5-9.8h-53c-14.4 0-14 12-14 12v48.5c0 0-1.6 13.8 13.1 13.8h53.5c12.1 0 13.3-11.9 13.3-11.9V70.6h-38.9V59.4h107V91C505.7 91 505.7 111.3 482.8 111.3z" class="font"/>
  <polyline points="105.7 111.5 23.3 15.3 108.2 15.3 151.2 80.2 197.5 15.3 281.5 15.3 198.1 111.5 105.7 111.5 " class="font"/>
</svg>

                    <p class="small muted">18. juni 2016</p>
                </a>
            </div>
            <div class="hidden-xs col-sm-4 col-md-3">
                <a target="_blank" rel="nofollow noopener noreferrer" href="http://enhver.no/prissammenligning-dagligvarer-pa-nett-butikk/">
                <h4>
                    Kolonial.no billigst på nett!
                </h4>
                <svg xmlns="http://www.w3.org/2000/svg" viewBox="0 0 1256.3 242.5" class="media-outlet-logo enhver" aria-label="Enhver.no">
    <title>Enhver.no</title>
    <path class="cart" d="M77.7 157.5c2.7 0.5 5.4 1.1 8.2 1.1 9.7 1.8 19.5 3.1 29.4 4.4 2.2 0.3 4.4 0.7 6.6 1 9.5 1.6 19.1 3.1 28.7 4.2 2.6 0.7 5.2 0.9 7.9 1.3 3 0.5 5.9 1 8.9 1.4 6.5 0.9 13 1.8 19.5 2.8 7.4 2 12.8-0.8 15.3-7.9 17-48.5 34-97 51-145.5 3.7-10.5 10.8-17.2 21.6-19.8 0.4-0.1 0.9 0 1-0.5 3 0 6.1 0 9.1 0 10.6 3.2 21.1 6.4 31.7 9.6 2 0.6 4 1.2 6 1.8 5.7 1.9 8.7 7.4 7 12.7 -1.7 5.4-7.3 8.3-12.9 6.6 -10.7-3.2-21.4-6.5-32.1-9.7 -6.2-1.9-10.3 0.2-12.5 6.2 -18.8 53.7-37.7 107.4-56.5 161.1 -2.6 7.4-6 9.4-13.8 8.3 -33.3-5-66.5-9.9-99.8-14.8 -27-4-54-8.1-81.1-12.1 -5.6-0.8-8.9-4-9.5-9.8 -1.7-15.5-3.3-31.1-5-46.7C4.7 96.5 3 79.8 1.2 63 0.8 59.4 0.3 55.7 0 52c-0.5-7 3.8-11.6 10.8-11.6 17 0 34 0 51 0 7.6 0 12.3 5.8 10.7 13.3 -0.9 4.2-4.2 6.8-8.8 6.8 -10.7 0-21.4 0-32.1 0 -7 0-10.1 3.6-9.3 10.6 1.7 15.1 3.2 30.3 4.8 45.4 0.9 8.4 1.7 16.7 2.6 25.1 0.6 4.8 4.3 9 9.1 10.1 2.9 0.6 6 0.9 9 1.3C57.8 154.5 67.7 156 77.7 157.5z"/>
    <path class="st1" d="M186.8 173.8c-6.5-0.9-13-1.8-19.5-2.8 -3-0.4-5.9-0.9-8.9-1.4 3.3-18.6 6.7-37.2 10-55.8 4.8-26.7 9.6-53.4 14.5-80.1 0.6-3.5 1.2-6.9 1.9-10.4 0.9-4.6 4.5-8.2 9.1-8.6 7.4-0.7 14.8-0.4 22.2 0 4.2 0.3 6.5 4.2 5.5 8.8 -3.7 16.1-7.5 32.2-11.2 48.4 -7.7 33.2-15.3 66.3-23 99.5C187.2 172.1 187 173 186.8 173.8z"/>
    <path class="st2" d="M150.5 168.3c-9.6-1.1-19.2-2.7-28.7-4.2 1.5-16.7 3-33.3 4.5-50 1.6-17.8 3.2-35.7 4.8-53.5 0.6-6.5 1.2-13.1 1.7-19.6 0.5-7.3 4.4-10.9 11.7-11 4.5 0 8.9 0 13.4 0 6.5 0.1 9.6 3.5 8.8 9.9 -3.2 25.6-6.4 51.2-9.6 76.8 -2 16.4-4.1 32.9-6.1 49.3C150.9 166.9 150.7 167.6 150.5 168.3z"/>
    <path class="st1" d="M115.2 163.1c-9.8-1.3-19.6-2.7-29.4-4.4 -0.6-32.8-1.3-65.6-1.9-98.4 -0.1-7.6 3.1-10.8 10.6-10.9 4.6 0 9.3 0 13.9 0 5.9 0.1 9.4 3.6 9.3 9.5 -0.7 33.8-1.4 67.6-2.2 101.5C115.5 161.3 115.3 162.2 115.2 163.1z"/>
    <path class="st2" d="M77.7 157.5c-9.9-1.5-19.8-3-29.7-4.5 -1.5-20.3-2.9-40.6-4.4-60.9 -0.1-1-0.1-2-0.1-3 0-4.8 3.1-8.4 8-8.6 4.7-0.2 9.4-0.2 14.1 0 5.2 0.2 9 4.1 9.2 9.2 1 21.1 2 42.2 2.9 63.3C77.7 154.5 77.7 156 77.7 157.5z"/>
    <path class="cart" d="M81.5 204.2C80.7 217 70.6 226.1 58 225.3c-11.8-0.8-20.8-11.3-20.1-23.5 0.7-11.6 11.2-21.1 22.5-20.3C73 182.3 82.3 192.3 81.5 204.2z"/>
    <path class="cart" d="M180.3 220.5c0 12.3-9.6 21.9-21.9 22 -12 0.1-21.8-9.6-21.9-21.7 -0.2-11.9 9.6-21.9 21.7-22C170.4 198.6 180.3 208.3 180.3 220.5z"/>
    <path class="font" d="M1255.3 118.7c-2.6-21-12.1-31.9-30.9-34.9 -16.1-2.6-32.2-2.7-48.3-0.1 -18.2 2.9-27.7 12.4-30.8 30.4 -2.7 16.1-2.7 32.2-0.1 48.2 3.1 18.3 12.2 27.3 30.5 30.7 2.5 0.5 5.3-0.1 7.5 1.7 10.7 0 21.3 0 32 0 3-1.7 6.3-1.3 9.5-1.9 16.9-3.1 26.3-12.4 29.5-29.3 0.5-2.6 0.1-5.6 2-7.9 0-11 0-22 0-33C1254.7 121.8 1255.5 120.1 1255.3 118.7zM1213.2 156c-1.2 6.7-5.7 9.6-13.2 9.6 -7.4 0.1-11.8-2.8-13.6-9.2 -0.4-1.3-0.8-2.6-0.8-3.9 -0.1-4.8 0-9.6 0-14.5 0-5.8-0.8-11.7 0.8-17.4 1.9-6.7 6.2-9.7 13.8-9.6 7.5 0.1 11.9 2.9 13.1 9.7C1215.4 132.5 1215.4 144.3 1213.2 156z"/>
    <path class="font" d="M773 83c-11.7 0.1-23.3 0.2-35 0 -3-0.1-4 1.1-4.6 3.8 -4.3 19-8.7 37.9-13.1 56.8 -0.6 2.5-0.4 6.5-3.3 6.6 -3.1 0.1-2.9-4-3.4-6.4 -4.5-18.8-8.9-37.5-13-56.4 -0.8-3.5-2.1-4.5-5.6-4.4 -11 0.2-22 0.2-33 0 -4.2-0.1-5 0.8-3.7 4.9 8.4 26.1 17.1 52.1 24.6 78.5 3.9 13.7 8.9 25.3 24.5 28.4 6.3 0 12.7 0 19 0 1.6-1.7 3.9-1.3 5.9-2 7-2.4 12.3-6.6 14.6-13.9 9.7-30.7 19.3-61.5 29.1-92.2C776.9 83.6 775.9 83 773 83z"/>
    <path class="font" d="M651.9 123.6c-0.4-21.2-12.1-34.7-33-39.1 -9.7-2.1-19.6-1.4-29.4-1.3 -3.6 0-4.4-1.1-4.3-4.5 0.2-8.8-0.1-17.7 0.2-26.5 0.1-3.3-0.5-4.6-4.2-4.5 -10.8 0.3-21.7 0.3-32.5 0 -3.6-0.1-4.4 1-4.4 4.4 0.2 22.8 0.1 45.7 0.1 68.5 0 22.8 0.1 45.7-0.1 68.5 0 3.8 1 4.8 4.7 4.7 10.3-0.3 20.7-0.3 31 0 4.4 0.2 5.5-1 5.5-5.4 -0.2-23.8-0.1-47.7-0.1-71.5 0-1.8-1.3-4.3 2.6-4.5 14.6-0.8 21.9 5.4 23 19.9 0.2 2 0.1 4 0.1 6 0 17.2 0.1 34.3-0.1 51.5 0 3 0.6 4.1 3.8 4 11.2-0.2 22.3-0.2 33.5 0 2.9 0 3.7-0.9 3.7-3.7C652 167.9 652.4 145.7 651.9 123.6z"/>
    <path class="font" d="M1130.3 121.5c-0.3-21.5-14.1-35.9-35.4-37.8 -16.9-1.5-34-0.9-50.9-0.4 -14.6 0.4-20.6 7.2-20.8 21.8 -0.2 13.7 0 27.3 0 41 0 0 0 0 0 0 0 14.5 0.1 29-0.1 43.5 0 3.2 0.8 4.3 4.1 4.2 10.8-0.2 21.7-0.2 32.5 0 3.6 0.1 4.4-1.1 4.4-4.5 -0.2-15.7-0.1-31.3-0.1-47 0-7.7 0.1-15.3 0.1-23 0-3 0.8-6 4.3-6.4 11.4-1.4 21.2 0.1 21.1 15 0 1.7 0.1 3.3 0.1 5 0 18.7 0.2 37.3 0 56 0 4.1 1.2 5 5 4.9 10.7-0.2 21.3-0.2 32 0 2.9 0 4.1-0.5 4-3.8C1130.4 167.1 1130.7 144.3 1130.3 121.5z"/>
    <path class="font" d="M528.4 121.6c-0.4-21.9-14-36-35.9-37.9 -16.8-1.4-33.6-0.9-50.4-0.4 -14.7 0.4-20.8 7.4-20.9 22.3 -0.1 13.5 0 27 0 40.5 0 14.5 0.1 29-0.1 43.5 0 3.1 0.6 4.3 4.1 4.3 10.8-0.2 21.7-0.2 32.5 0 3.4 0.1 4.6-0.8 4.5-4.4 -0.2-12.3-0.1-24.6-0.1-37 0-10.8 0-21.7 0-32.5 0-3.4 0.6-6.6 4.7-7.1 12.1-1.4 20.9 0.9 20.7 15.5 0 2.5 0.2 5 0.2 7.5 0 17.8 0.1 35.6-0.1 53.5 0 3.4 0.8 4.6 4.4 4.5 10.8-0.2 21.7-0.2 32.5 0 2.8 0 4.2-0.3 4.1-3.7C528.5 167.2 528.8 144.4 528.4 121.6z"/>
    <path class="font" d="M962.4 83c-11 0-22 0-32.8 1.9 -18.3 3.3-28.5 13.4-31.5 31.8 -2.1 12.7-0.4 25.6-0.9 36.1 0 13.8 0.1 25.3-0.1 36.7 -0.1 3.3 1 4.2 4.2 4.2 10.6-0.2 21.3-0.3 32 0 4.1 0.1 4.9-1.3 4.9-5.1 -0.2-16.5-0.2-33 0.1-49.4 0.3-17.8 7.3-27.4 24.5-26.8 2.6 0.1 3-1.2 3-3.4 -0.1-7.7-0.1-15.3 0-23C965.6 83.7 964.7 83 962.4 83z"/>
    <path class="font" d="M1004.8 159c0-2.4-0.7-3.2-3.2-3.2 -10.3 0.1-20.7 0.1-31 0 -2.4 0-3.2 0.9-3.1 3.2 0.1 5.2 0 10.3 0 15.5 0 5.2 0.1 10.3 0 15.5 0 2.3 0.3 3.7 3.2 3.6 10.3-0.1 20.7-0.1 31 0 2.5 0 3.1-0.9 3.1-3.2C1004.7 180 1004.7 169.5 1004.8 159z"/>
    <path class="font" d="M381.9 83.2c-15.9-2-32-2.2-47.9 0.1 -18.7 2.6-25 9.3-28.3 28.1 -0.3 1.8 0.5 4-1.4 5.5 0 13.3 0 26.7 0 40 1.6 0.8 0.9 2.4 1 3.6 2.9 21.3 10.1 31.6 33.2 32.8 21 1.1 42 0.2 63 0.5 2.8 0 2.8-1.4 2.8-3.4 -0.1-7.2-0.2-14.3 0.1-21.5 0.1-3.3-1.1-3.8-4-3.8 -11.8 0.1-23.7 0.1-35.5 0.1 -4 0-8-0.1-11.9-1.3 -3.8-1.2-6.2-3.6-7.3-7.5 -0.9-3.2-0.5-4.8 3.5-4.7 13.5 0.2 27 0.2 40.5 0.1 10.5-0.1 15.9-4.8 17.7-15.2 1.7-10 1.1-19.9-0.9-29.8C403.6 91.9 396.7 85.1 381.9 83.2zM367.3 119.3c-0.2 4.9-2.1 6.4-8.5 6.4 -1.5 0-3 0-4.5 0 -0.4 0-0.8 0.1-1.1 0.1 -0.1 0-0.2 0-0.3-0.1 -2.5-1-6.8 2.5-7.5-2.5 -1-6.8 2.3-11.7 7.7-12.5 2.1-0.3 4.3-0.4 6.4-0.3C365.9 110.9 367.6 112.9 367.3 119.3z"/>
    <path class="font" d="M857.4 83.1c-17.1-1.9-34.2-2-51.3 0.7 -13.2 2.1-21.2 9.4-23.5 22.4 -3.6 20.5-3.7 41.1 0 61.6 2.8 15.8 11.9 23.3 28 25 12 1.3 24 0.5 34.1 0.8 11.7 0 21.5-0.2 31.4 0.1 3.6 0.1 4.5-1.1 4.4-4.5 -0.3-6.3-0.3-12.7 0-19 0.2-4-0.8-5.4-5.1-5.3 -11.5 0.3-23 0.1-34.5 0.1 -4 0-8-0.1-11.9-1.3 -3.8-1.2-6.3-3.6-7.3-7.5 -0.8-3.1-0.5-4.8 3.5-4.7 13.3 0.2 26.6 0.1 40 0.1 11.1-0.1 16.6-4.9 18.3-15.7 1.6-9.7 0.9-19.3-0.9-28.8C879.6 92 872.4 84.8 857.4 83.1zM843.3 119.2c-0.2 4.9-2.2 6.4-8.5 6.5 -1.5 0-3 0-4.5 0 -0.5 0-1.1 0.1-1.5 0.1 -0.2 0-0.3-0.1-0.4-0.1 -2.3-1.1-6.4 2.7-7.1-2.4 -0.8-6.3 2-11.4 6.7-12.4 2.4-0.5 5-0.6 7.4-0.4C841.8 110.9 843.6 113 843.3 119.2z"/>
</svg>

                <p class="small muted">Uavhengig pristest, 23. mai 2016</p>
                </a>
            </div>
            <div class="col-xs-6 col-sm-4 col-md-3">
                <a target="_blank" rel="nofollow noopener noreferrer" href="https://www.aftenposten.no/okonomi/Slik-gikk-det-da-vi-testet-matbutikk-pa-nett-8352570.html">
                    <h4>
                        Kolonial.no billigst på nett
                    </h4>
                    <svg xmlns="http://www.w3.org/2000/svg" width="220" height="60" viewBox="0 0 219.7 60.4" class="media-outlet-logo aftenposten" aria-label="Aftenposten">
    <title>Aftenposten</title>
  <path class="logotype" d="M219.2 42.1c0 0-1.5 1.1-2.2 1 -0.7-0.2-1.2-0.8-1.2-1.8l-0.1-2.5 0-15.1c0-2.9-3-4.8-5.4-6.1l-6 4.9c-0.5-2.2-2.3-3.7-4.4-4.8l-6.4 5.2 0.5 0.6c0 0 1.1-0.8 1.9-0.7 0.7 0.1 1 0.4 1 1.4l0.1 2.5V47h7.5l0-22.6c0-0.3 0.1-0.6 0.2-0.9 0.3-0.5 0.9-0.8 1.6-0.8 0.9 0 1.8 0.4 1.8 1.4l0.1 2.5 0 14v1.2c0 2.9 2.1 4.7 4.6 5.9l6.9-5.1L219.2 42.1"/>
  <path class="logotype" d="M127.1 23.6c0-2.9-3-4.8-5.4-6.1l-6 4.9c-0.5-2.2-2.3-3.7-4.5-4.8l-6.4 5.2 0.5 0.6c0 0 1.1-0.8 1.9-0.7 0.7 0.1 1 0.4 1 1.4l0.1 2.5 0 29.4c0 1.9-0.9 3.3-2.2 4.4 0 0 4.1 0.2 7.7-3.5 0 0 2 2 4.9 1.4 0 0-2.5-0.8-2.8-5.1v-9.6l5.8 4.2c2.4-1.2 5.4-3.2 5.4-6.1V23.6zM117.7 43.4c-0.8 0-1.4-0.3-1.7-0.8 -0.1-0.2-0.2-0.5-0.2-0.8V26.6h0v-2c0 0 0 0 0 0 0-0.3 0-0.7 0.2-1.1 0.3-0.5 0.9-0.8 1.6-0.8 0.9 0 1.8 0.4 1.8 1.4l0.1 2.5h0v13.7l0 1.4C119.5 43 118.5 43.4 117.7 43.4"/>
  <path class="logotype" d="M107.2 42.1c0 0-1.5 1.1-2.2 1 -0.7-0.2-1.2-0.8-1.2-1.8l-0.1-2.5 0-15.1c0-2.9-3-4.8-5.4-6.1l-6 4.9c-0.5-2.2-2.3-3.7-4.4-4.8l-6.4 5.2 0.5 0.6c0 0 1.1-0.8 1.9-0.7 0.7 0.1 1 0.4 1 1.4l0.1 2.5V47h7.5l0-22.6c0-0.3 0.1-0.6 0.2-0.9 0.3-0.5 0.9-0.8 1.6-0.8 0.9 0 1.8 0.4 1.8 1.4l0.1 2.5 0 14v1.2c0 2.9 2.1 4.7 4.6 5.9l6.9-5.1L107.2 42.1"/>
  <path class="logotype" d="M63.5 42.1c0 0-1.5 1.1-2.2 1 -0.7-0.2-1.2-0.8-1.2-1.8L60 39c0 0 0-9.5 0-16.1h2.1v-2.4H60c0-2.1 0-3.6 0-3.7 0-0.6 0.1-2.1 0.6-3.5 0.8-2 2.8-3.5 2.8-3.5l-0.7-0.7c-1.2 1.1-7 5.3-8.7 6.6 -1.2 0.9-1.4 2.1-1.5 2.7h0l0 2.1h-2V23h2l0 18.8c0 2.9 2.1 4.7 4.6 5.9l6.9-5.1L63.5 42.1"/>
  <path class="logotype" d="M61.2 7.8l-1.8 1.2c-1.3 0.8-2.6 0.6-3.9-0.1 -1.3-0.6-2.2-2.2-2.2-2.2s-11.4 7.5-11.9 7.8c-0.5 0.3-0.9 0.7-1.3 1.5l0 0c-0.3 0.8-0.4 1.9-0.5 2.5h0v2.1h-1.9V23h1.9l0 32.9h1.6v-5.1c0.1-2.1 0.9-3.7 3.1-4.5l1.6-0.6c0.8-0.3 1.3-1 1.3-1.8 0-1.3 0-21 0-21H49v-2.4h-1.8l0-8.2 0 0c0 0 1 0.6 2.8 1.8 1.8 1.2 4-0.2 4.8-0.7 0.8-0.5 6.9-5.1 6.9-5.1L61.2 7.8"/>
  <path class="logotype" d="M175.5 42.1c0 0-1.5 1.1-2.2 1 -0.7-0.2-1.2-0.8-1.2-1.8L172 39V23h2.1v-2.4H172c0 0 0-3.3 0-3.7 0-0.6 0.1-2.1 0.6-3.5 0.8-2 2.8-3.5 2.8-3.5l-0.7-0.7c-1.2 1.1-7 5.3-8.7 6.6 -1.2 0.9-1.4 2.1-1.4 2.7h0v2.1h-2V23h2l0 18.8c0 2.9 2.1 4.7 4.6 5.9l6.9-5.1L175.5 42.1"/>
  <path class="logotype" d="M173.1 7.8l-1.8 1.2c-1.3 0.8-2.6 0.6-3.9-0.1 -1.3-0.6-2.2-2.2-2.2-2.2s-11.4 7.5-11.9 7.8c-0.5 0.3-0.9 0.7-1.3 1.5l0 0c-0.3 0.8-0.4 1.9-0.4 2.5h0l0 37.4h1.6v-5.1c0.1-2.1 0.9-3.7 3.1-4.5l1.6-0.6c0.8-0.3 1.3-1 1.3-1.8 0-1.3 0-31.6 0-31.6v0c0 0 1 0.6 2.8 1.8 1.8 1.2 4-0.2 4.8-0.7 0.8-0.5 6.9-5.1 6.9-5.1L173.1 7.8"/>
  <path class="logotype" d="M80.3 40.9c-1.9 1.2-4.3 1.8-6.4 0.9 -1.7-0.7-2.1-1.6-2.1-3.5v-0.6h0v-1.3c0-0.5 0.9-0.6 1.2-0.6 1.9-0.3 3.8-1.2 5.3-2.8 1.6-1.6 3.8-6.7 1.4-11.7 -0.6-1.2-2.5-2.8-3.8-3.5 0 0-10 5-10.2 5.2 -0.4 0.2-0.7 0.5-1 1 -0.3 0.5-0.4 1.3-0.4 1.7l0 0 0 11.8h0c0 0.4 0 0.8 0 1.2V39h0c0.2 3.5 1.3 5.4 5.1 7.1l3 1.6 8.4-6.1L80.3 40.9zM74.7 28.7c0 1.9-1 4.2-1.7 4.9 -0.6 0.7-0.8 0.8-1.3 0.9v-9.4h0v-3.3C72.4 22 74.6 24.2 74.7 28.7"/>
  <path class="logotype" d="M192.5 40.9c-1.9 1.2-4.3 1.8-6.4 0.9 -1.7-0.7-2.1-1.6-2.1-3.5v-0.6h0v-1.3c0-0.5 0.9-0.6 1.2-0.6 1.9-0.3 3.8-1.2 5.3-2.8 1.6-1.6 3.8-6.7 1.4-11.7 -0.6-1.2-2.5-2.8-3.8-3.5 0 0-10 5-10.2 5.2 -0.4 0.2-0.7 0.5-1 1 -0.3 0.5-0.4 1.3-0.4 1.7l0 0 0 11.8h0c0 0.4 0 0.8 0 1.2V39h0c0.2 3.5 1.3 5.4 5.1 7.1l3 1.6 8.4-6.1L192.5 40.9zM187 28.7c0 1.9-1 4.2-1.7 4.9 -0.6 0.7-0.8 0.8-1.3 0.9v-9.4h0v-3.3C184.6 22 186.9 24.2 187 28.7"/>
  <path class="logotype" d="M148.9 39.7V25.3h0l0-0.3c0-1.9-1-2.8-2.5-3.6 -0.5-0.3-3.8-2.6-4.1-3.7 0 0-7.8 2.9-8.7 3.3 -0.8 0.3-2.8 1.2-3.4 2.3 -0.5 1.1-0.5 1.7-0.5 2.1v13.9l0 1.1c0 1.9 1 2.8 2.5 3.6 0.5 0.3 3.9 2.7 4.1 3.8 0 0 7.7-3.1 8.7-3.4 0.8-0.3 2.8-1.2 3.4-2.3C149 40.8 148.9 40.2 148.9 39.7zM137.3 37V25.3h0v-3.4c1.1 0 4 2.2 4.1 7v11.9l0 0v2.8C140.5 43.6 137.6 41.5 137.3 37"/>
  <path class="logotype" d="M19.1 14.8c0 0 0.1-3.8 0.1-5.4 0-1.8 1.7-3.1 3.6-3.1 1.6 0 3.4 1 3.5 2.9 0.1 1.4 0.1 5 0.1 5v7.1h-7.3v-5.5L19.1 14.8zM8.1 36.9c0-1 0.4-1.6 0.8-1.8C8.9 35 9 35 9 34.9c0.5-0.2 1.1-0.1 1.1-0.1 0 0.4 0 1.2 0 1.2 0 1.9-0.9 2.3-2.1 2.2C8 37.8 8.1 36.9 8.1 36.9zM26.4 31.2c0 1.6-0.2 4-2.2 6.2 -1.9 2.1-4.2 2.9-6.3 3.5 -2.5 0.7-6.3 0.6-8.5-0.9 -0.6-0.4-0.9-0.8-1.1-1.1 0.7 0.2 1.6 0.2 2.3 0.2 3.8 0 8.5-1.4 8.5-6v-7.5l0 0v-0.8h7.3L26.4 31.2C26.4 31.2 26.4 31.2 26.4 31.2zM26.4 40.8c0 3.4 2.5 5.5 5.4 7l8.7-6.1c0 0-0.9-1.9-0.9-1.6 0 0.3 0 0.8-0.2 1.2 -0.3 0.5-1.1 0.8-2 0.9 -0.9 0-2-0.4-2-1.6l-0.1-2.8h0V21.1h0c0 0 0-5.8 0-10.3 0-4.5 2.3-4.7 2.3-4.7V5.6C32.6 5.4 31.8 0 31.8 0h-0.5c-1.3 2.1-5.2 3.6-9.1 4.3 -6.8 1.3-12.1 1.1-12.1 7.9v0h0v20.4h0c0 0.3 0 0.6 0 0.9 -0.4-0.6-1.7-1.8-5.2-1.3 -3.4 0.5-4.4 3.1-4.7 3.8 -0.4 1.4-0.5 5.6 1.2 7.9 1.5 2 4.2 4.5 10.2 3.8 6.1-0.7 9.9-4.3 11.8-6.3 1.5-1.5 2.4-2.7 2.9-3.5L26.4 40.8"/>
</svg>

                    <p class="small muted">12. februar 2016</p>
                </a>
            </div>
            <div class="hidden-xs col-sm-4 col-md-3">
                <a href="/lave-priser/">
                    <h4>
                        Kolonial.no billigst på nett
                    </h4>
                    <svg xmlns="http://www.w3.org/2000/svg" width="175" height="51" viewBox="0 0 175.4 51.1" class="media-outlet-logo dagbladet" aria-label="Dagbladet">
    <title>Dagbladet</title>
  <rect class="bakgrunn" width="175.4" height="51.1"/>
  <path class="logotype" d="M57.6 21.4c0-1 0.1-2.3 0.7-2.9 0.3-0.3 0.6-0.4 1-0.4 0.6 0 1 0.2 1.4 0.5 0.5 0.5 0.7 1.3 0.7 2.5v10c0 1.4-0.2 2.9-1.9 2.9 -0.5 0-0.9-0.1-1.2-0.4 -0.4-0.4-0.6-1-0.6-1.9C57.6 31.5 57.6 21.4 57.6 21.4zM61.7 12.9v2.6c-1.1-2.1-2.9-3.2-5.2-3.3 -2.1 0-3.6 0.9-4.7 2.7 -0.8 1.4-1.2 3.4-1.2 5.5v11.7c0 2.5 0.8 4.7 2.1 6 1 1 2.3 1.5 3.9 1.5 1.7 0 3.2-0.8 4.7-2.4v4.5c0 1.4-0.5 1.7-1.9 1.8 -0.8 0.1-1.3 0-1.6-0.3 -0.3-0.3-0.4-0.9-0.4-1.8v-0.1h-7l0 0.1c0.2 6 4.3 6.8 8.7 6.8 3.2 0 5.6-0.8 7.2-2.3 1.3-1.3 1.9-3.1 1.9-5.3V12.9H61.7z"/>
  <path class="logotype" d="M81.6 31.5c0 1.1 0 2.6-0.7 3.3 -0.3 0.3-0.7 0.4-1.2 0.4 -0.4 0-0.7-0.1-1-0.4 -0.8-0.8-1-2.7-1-3.8V22c0-1.2 0.1-2.8 0.8-3.5 0.3-0.3 0.7-0.5 1.2-0.5 0.4 0 0.8 0.1 1.1 0.4 0.7 0.7 0.7 2.3 0.7 3.3v9.6V31.5zM82.7 12.3c-2.3 0-4 0.8-4.9 2.4V4.9h-7v35.3h6.5v-2.4c1.1 1.9 3 3.1 5.3 3.2 4-0.1 6-3.1 6-8.9V20.5c0-1.7-0.3-4.9-2.2-6.8C85.4 12.7 84.2 12.3 82.7 12.3z"/>
  <path class="logotype" d="M110 35.8c-0.7 0-1.3-0.2-1.7-0.6 -0.4-0.4-0.6-1-0.6-1.8v-1.7c0-1.7 0.8-2.4 1.5-2.9 0.5-0.4 1.1-0.7 1.9-1 0.4-0.2 0.8-0.4 1.3-0.6v3 2.1C112.3 34 111.8 35.8 110 35.8zM110.1 12.3c-3.3 0-5.8 0.8-7.4 2.5 -1.3 1.4-1.9 3.3-1.8 5.8l0 0.1h7l0-0.4c0.1-1.9 0.2-3.3 2.4-3.3 0.5 0 1 0.2 1.3 0.5 0.4 0.4 0.7 1.1 0.7 1.8v1.3c0 2-1.8 2.5-4.2 3.2 -0.5 0.1-1 0.3-1.6 0.5 -2.9 1-5.9 2.7-5.9 8.1v2.2c0 1.9 0.6 3.6 1.8 4.7 1.1 1.1 2.7 1.7 4.5 1.7 2.6 0 4-0.9 5.6-2.6l0 1.9h6.7l0-20.7c0-2.5-0.5-4.1-1.7-5.3C116.2 12.9 113.8 12.3 110.1 12.3z"/>
  <path class="logotype" d="M39.3 35.8c-0.7 0-1.3-0.2-1.7-0.6 -0.4-0.4-0.6-1-0.6-1.8v-1.7c0-1.7 0.8-2.4 1.5-2.9 0.5-0.4 1.1-0.7 1.9-1 0.4-0.2 0.8-0.4 1.3-0.6v3 2.1C41.6 34 41.1 35.8 39.3 35.8zM39.4 12.3c-3.3 0-5.8 0.8-7.4 2.5 -1.3 1.4-1.9 3.3-1.8 5.8l0 0.1h7l0-0.4c0.1-1.9 0.2-3.3 2.4-3.3 0.5 0 1 0.2 1.3 0.5 0.4 0.4 0.7 1.1 0.7 1.8v1.3c0 2-1.8 2.5-4.2 3.2 -0.5 0.1-1 0.3-1.6 0.5 -2.9 1-5.9 2.7-5.9 8.1v2.2c0 1.9 0.6 3.6 1.8 4.7 1.1 1.1 2.7 1.7 4.5 1.7 2.6 0 4-0.9 5.6-2.6v1.9h6.7l0-20.7c0-2.5-0.5-4.1-1.7-5.3C45.5 12.9 43.1 12.3 39.4 12.3z"/>
  <path class="logotype" d="M128.5 21.9c0-1.1 0-2.7 0.7-3.4 0.3-0.3 0.7-0.4 1.2-0.4 0.4 0 0.6 0.1 0.9 0.3 0.6 0.6 0.9 1.9 0.9 3.9v9.1c0 2.4-0.3 3.9-1.9 3.9 -0.5 0-0.8-0.1-1.1-0.4 -0.7-0.7-0.7-2.2-0.7-3.2V22 21.9L128.5 21.9zM132.2 4.9v10c-1.3-1.7-2.9-2.6-4.8-2.6 -5.4 0-5.9 6.3-5.9 8.2v11.7c0 5.8 2 8.8 6 8.9 2 0 3.9-1.2 5.2-3.2v2.5h6.5V4.9H132.2z"/>
  <path class="logotype" d="M152.6 24.2h-4.3V20c0-1.2 0.2-2 0.7-2.5 0.4-0.4 0.9-0.5 1.5-0.5 0.6 0 1.1 0.2 1.4 0.6 0.5 0.5 0.7 1.2 0.7 1.7L152.6 24.2 152.6 24.2zM150.5 12.3c-2.8 0-5 0.6-6.5 1.8 -1.7 1.4-2.6 3.5-2.6 6.4v13.1c0 2.1 0.6 3.8 1.9 5.1 2 2 5 2.4 7.2 2.4 3.1 0 5.5-0.9 7-2.5 1.4-1.5 2.1-3.7 1.9-6.6l0-0.1h-6.9l0 0.1c0 0.2 0 0.5 0 0.7 0 1.2-0.1 2.3-0.7 2.8 -0.3 0.3-0.8 0.4-1.5 0.4 -1.7-0.1-1.9-1.7-1.9-2.3v-4.7h11.3v-9.7c0-1.9-0.6-3.5-1.8-4.6C155.8 12.6 152.7 12.2 150.5 12.3z"/>
  <path class="logotype" d="M169.3 12.9v-5h-7v5h-2.1V18h2.1v17c0 1.8 0.5 3.2 1.4 4.1 1 1 2.4 1.5 4.3 1.5 1.5 0 3-0.2 4.3-0.4l0.1 0v-5c0 0-0.6 0-0.6 0 -0.4 0-0.7 0-1.3 0.1 -0.5 0-0.8-0.1-1-0.3 -0.2-0.2-0.3-0.6-0.3-1.2V18h3.2v-5.1H169.3L169.3 12.9z"/>
  <path class="logotype" d="M16.1 10.9c3.5 0.1 4.6 0.3 4.6 3.9 0 0 0 13.8 0 13.8 0.1 2.5 0.1 4.1-0.8 5 -0.7 0.6-1.9 0.9-3.8 0.8V10.9zM24.7 6.4c-2.4-1.4-5.6-1.5-8.4-1.5H8.4v35.3h9.9c2.2 0 4.6-0.2 6.6-1.5 2.1-1.3 3.2-3.6 3.2-6.9 0 0 0-17.5 0-17.5C28.1 11.4 27.7 8.2 24.7 6.4z"/>
  <path class="logotype" d="M99.9 36.3c-0.7 0-1.2-0.2-1.6-0.5 -0.4-0.4-0.6-1.2-0.6-2.3V4.9h-6.9v27.7c0 3.2 0.8 5.2 2.4 6.4 1.4 1 3.4 1.5 6.7 1.5L99.9 36.3z"/>
</svg>

                    <p class="small muted">4. juli 2016</p>
                </a>
            </div>
            <div class="col-xs-6 col-sm-4 col-md-3">
                <a target="_blank" rel="nofollow noopener noreferrer" href="https://www.dinepenger.no/forbruker/stor-pristest-store-forskjeller-for-mat-paa-doeren/23558624">
                    <h4>
                        «Billigst. Best i bruk.»
                    </h4>
                    <svg xmlns="http://www.w3.org/2000/svg" viewBox="0 0 2727.2 333.4" class="media-outlet-logo dinepenger" aria-label="E24 Dine Penger">
<title>E24 Dine Penger</title>
  <path class="st0" d="M0 0c75 0 150.1 0 226.2 0 0 110.9 0 220.7 0 332 -33.7 0-67.2-0.2-100.7 0C83.6 332.3 41.8 333 0 333.4 0 222.3 0 111.1 0 0zM29.3 28.6c0 92.1 0 182.9 0 274.6 56.8 0 112.9 0 169.5 0 0-17 0-33.1 0-50.9 -39.6 0-78.5 0-118.5 0 0-16.5 0.7-31.4-0.2-46.2 -0.7-11 2.7-14.3 13.9-14 34.8 0.8 69.7 0.3 104.3 0.3 0-18.4 0-34.9 0-52.6 -39.7 0-78.2 0-117.2 0 0-20.1 0-39 0-59.1 36.2 0 71.6 0.2 106.9-0.3 3.8 0 10.7-3.7 10.8-6 1-15.1 0.5-30.3 0.5-45.7C141.7 28.6 86.3 28.6 29.3 28.6z"/>
  <path class="st1" d="M255.6 0.2c5.4 0 9.1 0 12.7 0 126.5 0 252.9 0 380.5 0 0 110.5 0 220.3 0 331.1 -130.8 0-261.7 0-393.2 0C255.6 220.8 255.6 111.4 255.6 0.2zM419.3 69.2c-0.7-1.2-1.4-2.4-2.1-3.5 -15.7-11.2-30-28.2-47.4-32.4 -25.7-6.3-53.6-3.7-80.6-4.4 -2-0.1-5.9 3.5-6 5.4 -0.5 15.1-0.3 30.3-0.3 46.3 19.9 0 37.6-0.2 55.3 0.1 23.1 0.4 38.7 15 36.4 37.9 -1.4 13.6-7.1 28.3-15.1 39.5 -17 23.9-34.8 47.9-56 67.9 -24.1 22.7-21.8 48.9-19.7 76.9 79.2 0 157.7 0 236.9 0 0-13.9 1-26.6-0.5-39 -0.5-4.2-7.3-10.8-11.4-10.9 -42-0.8-84-0.5-126-0.4 -9 0-18 0-30 0 20.5-26.6 38.6-50.2 56.8-73.7C436.4 144.3 440.2 107.9 419.3 69.2zM571.4 28.8c0 55.6-0.1 110 0.3 164.4 0 2.7 4.2 7.4 6.6 7.6 14.2 0.7 28.5 0.4 43.1 0.4 0-58.4 0-115 0-172.3C605 28.8 589.3 28.8 571.4 28.8zM453.1 201.1c22.2 0 41.5 0.2 60.8-0.3 2.3-0.1 6.4-4.1 6.5-6.3 0.4-30 0.3-60 0.3-94.7C496.9 135.4 475.8 167.1 453.1 201.1zM621.6 250.2c-17.8 2-38.5-1.4-48.3 7.4 -7.5 6.8-7.1 36.7 0.3 42.4 10.8 8.3 31.2 3.9 47.9 5C621.6 286.1 621.6 270 621.6 250.2z"/>
  <path class="st2" d="M1275.5 329.8c2.1-15.9 5.4-30.7 5.6-45.5 0.7-53.2 0.7-106.5-0.1-159.7 -0.2-11.7-4.5-23.3-6.8-34.9 -3.4-0.2-6.8-0.5-10.2-0.7 -3.8 13.9-10.6 27.7-10.9 41.6 -1.3 60.7-0.5 121.4-0.9 182.1 0 5.8-4.5 16.8-5.6 16.6 -11.8-1.7-29.5-1.4-34.1-8.7 -37.6-60.6-72.7-122.7-108.6-184.3 -0.9-1.6-2-3.1-5.1-4.4 5.4 65.4-12.9 132.2 10.8 197 -9 0-22.1 0-35.3 0 15-45.6 17.1-209.7 2.2-240.3 30.1 0 59.2-0.3 88.2 0.4 3.6 0.1 8.1 5.6 10.4 9.6 20.8 35.2 41.3 70.6 63.9 105.3 -2.7-38.4 11.9-78.8-15.9-115.5 70.3 0 140.3 0 211.7 0 2 19.1 4.2 39.5 6.4 59.8 -19.9-28.4-39-54.1-79-49.8 0 33.5 0 66.4 0 99.7 27.7 4 41.9-10.2 50.5-34 0 25.5 0 50.9 0 83.7 -9.3-29.2-23.2-43.6-50.4-38.8 0 36.9 0 73.9 0 111.5 45.9 3 64.8-28.4 84.6-68.5 -2.7 28.6-4.5 50.5-7.1 72.3 -0.3 2.1-5.1 5.3-7.9 5.3C1378.8 329.8 1325.8 329.8 1275.5 329.8z"/>
  <path class="st2" d="M2294.7 92.2c0 23.1 0 49.8 0 76.8 -9.8-17.7-17.4-37.1-30.1-52.3 -9.1-10.9-25.6-23.2-37.5-21.9 -10.2 1.1-24 19.3-26.6 32 -12.4 59.8-13.2 120.3 1.1 180.1 1.7 7.1 11.7 12.1 17.9 18.1 5.7-6.9 15.4-13.3 16.4-20.8 5.1-37.9 7.1-61.9-9.9-87.2 31.1 0 61.5 0 87.6 0 0 36.9 0 73.9 0 110.9 -2.3 0.8-4.5 1.7-6.8 2.5 -8.2-6.2-16-12.9-24.7-18.3 -3.3-2-9.9-2.8-12.6-0.8 -61.5 44.5-134.3 18.6-155.5-55.8 -18.1-63.4 6.2-130.1 57.3-157 27.7-14.6 56.7-16.3 87-9.4C2269.4 91.5 2281.2 91.1 2294.7 92.2z"/>
  <path class="st2" d="M1935.2 127c-8.4 117.6-4.1 171.1 16.1 201.8 -13.7 0-26.7 0-36.5 0 14.5-79.9 7.2-159.3 4.9-240.8 24 0 53.2-0.3 82.3 0.4 3.3 0.1 7.4 5.1 9.6 8.7 21.1 35.7 41.8 71.6 64.6 107 -1.2-38.7 10.7-78.8-14.7-115.4 13.7 0 27.2 0 36.6 0 -2.7 17.9-7.4 35.3-7.7 52.7 -1 56.4-0.2 112.9-0.7 169.4 -0.1 6.3-4.4 18.3-5.5 18.1 -11.9-1.5-29.6-1-34.2-8.4 -36.5-58.4-70.4-118.5-105.2-178C1942.1 138.4 1939.5 134.1 1935.2 127z"/>
  <path class="st2" d="M1736.1 329.7c4.2-80.9 5.2-159.9-0.8-241 48.3 0 101.2 0 156.5 0 2.4 20 5.2 42.3 8.5 70 -7.5-12.4-11.4-20.8-17-27.7 -7.2-8.9-14.5-19.4-24.3-24.3 -11-5.6-24.7-5.9-37.3-8.6 -1.2 9.7-3.1 19.5-3.4 29.2 -0.5 23.2-0.2 46.5-0.2 69.5 25.6 5.1 35.2-1.2 51.9-34.6 0 27.8 0 53.5 0 83.9 -9.2-27-23.2-41.7-51.9-37.2 0 34.9-0.2 70.2 0.4 105.5 0 2.1 6.5 6 10 5.9 23.9-0.2 41.6-12 54.5-31.4 6.9-10.4 12.8-21.5 21-35.5 -2.5 25.2-4.2 47-7.2 68.7 -0.4 2.9-6.7 7.2-10.4 7.2C1834.9 329.9 1783.1 329.7 1736.1 329.7z"/>
  <path class="st2" d="M2415.5 204.9c0 38.9-0.3 72.9 0.5 106.9 0.1 3.1 7.1 8.9 10.7 8.8 28.5-1 47.1-17.7 60.7-41.2 3.4-5.9 6.6-11.9 13.4-17 -2.1 20.5-4.1 41-6.7 61.4 -0.3 2.1-4.2 5.2-6.4 5.2 -52.2 0.3-104.4 0.2-154.4 0.2 5.4-80.6 5-159.8 0.8-240.7 46.8 0 100.1 0 155.7 0 2.2 20.2 4.6 42.2 7.7 70.5 -19.4-35.9-37.8-65.4-80.9-60.6 0 33 0 65.9 0 99.5 28 5.3 41.6-10.9 51.6-38.3 0 30.8 0 56.6 0 82.3 -6.2-8.9-10.8-20.1-19.2-26.1C2440.5 209.6 2428.5 208.8 2415.5 204.9z"/>
  <path class="st2" d="M969 327.8c12-25.6 11.8-214.5-0.7-238.2 32.3 0 64 0 91.6 0 -5.4 79.1-5.1 157.9-0.2 238.2C1033.1 327.8 1001.5 327.8 969 327.8z"/>
  <path class="st3" d="M29.3 28.6c57 0 112.5 0 170.1 0 0 15.5 0.5 30.7-0.5 45.7 -0.1 2.3-7 5.9-10.8 6 -35.3 0.5-70.7 0.3-106.9 0.3 0 20.1 0 39 0 59.1 38.9 0 77.5 0 117.2 0 0 17.7 0 34.2 0 52.6 -34.7 0-69.5 0.5-104.3-0.3 -11.3-0.2-14.6 3.1-13.9 14 0.9 14.8 0.2 29.7 0.2 46.2 39.9 0 78.8 0 118.5 0 0 17.8 0 33.9 0 50.9 -56.5 0-112.7 0-169.5 0C29.3 211.5 29.3 120.7 29.3 28.6z"/>
  <path class="st3" d="M419.3 69.2c20.9 38.7 17.1 75.1-9.7 109.6 -18.3 23.5-36.3 47.1-56.8 73.7 12 0 21 0 30 0 42 0 84-0.3 126 0.4 4 0.1 10.8 6.7 11.4 10.9 1.5 12.4 0.5 25.1 0.5 39 -79.1 0-157.6 0-236.9 0 -2.1-27.9-4.4-54.1 19.7-76.9 21.2-20 39-44 56-67.9 8-11.2 13.7-25.9 15.1-39.5 2.3-23-13.3-37.6-36.4-37.9 -17.7-0.3-35.4-0.1-55.3-0.1 0-16-0.2-31.2 0.3-46.3 0.1-2 4-5.5 6-5.4 27 0.7 54.9-1.9 80.6 4.4 17.4 4.2 31.7 21.1 47.4 32.4C417.9 66.8 418.6 68 419.3 69.2z"/>
  <path class="st3" d="M571.4 28.8c17.9 0 33.6 0 50 0 0 57.3 0 113.9 0 172.3 -14.5 0-28.8 0.4-43.1-0.4 -2.4-0.1-6.6-4.9-6.6-7.6C571.3 138.8 571.4 84.4 571.4 28.8z"/>
  <path class="st3" d="M453.1 201.1c22.7-34.1 43.8-65.7 67.6-101.3 0 34.8 0.1 64.7-0.3 94.7 0 2.2-4.1 6.3-6.5 6.3C494.6 201.3 475.3 201.1 453.1 201.1z"/>
  <path class="st3" d="M621.6 250.2c0 19.8 0 35.9 0 54.7 -16.7-1.1-37.1 3.2-47.9-5 -7.5-5.7-7.9-35.6-0.3-42.4C583 248.8 603.8 252.2 621.6 250.2z"/>
  <path class="st0" d="M419.3 69.2c-0.7-1.2-1.4-2.4-2.2-3.6C417.9 66.8 418.6 68 419.3 69.2z"/>
  <path class="st2" d="M2711.9 282.5c-4-33.8-11.8-62.9-52.5-69.3 38.5-9.9 57.1-27.5 58.5-55.3 1.6-31.8-13.2-58.5-45.5-62.7 -53.1-7-107-7-157-9.8 7.7 84.1 6.9 163.5 1 243.6 27.4 0 59.2 0 87.4 0 0-37 0-73.1 0-109.4 15.1-0.9 22.6 5.3 24.7 22.1 3.2 25.9 6.2 51.7 10.2 77.5 0.6 3.9 5.7 10 8.8 10.1 28.1 0.8 56.3 0.5 79.6 0.5C2721.9 313.8 2713.8 298.5 2711.9 282.5zM2600.4 208.8c0-37.2 0-73.3 0-109.4 22.3-2.1 35.5 14.8 38 47.9C2641.2 183.2 2626.8 207.4 2600.4 208.8z"/>
    <path class="st2" d="M745.4 88.5c0.1 0 0.2 0 0.3 0 0.4 0 0.7 0 1.1 0 0-0.1 0-0.3 0-0.4C746.2 88.3 745.7 88.4 745.4 88.5z"/>
    <path class="st2" d="M745.4 88.5C744.2 88.6 743.2 89.1 745.4 88.5L745.4 88.5z"/>
    <path class="st2" d="M853.4 89.7c-35.4-2.7-71.1-1-106.6-1.2 5 81.4 6.3 159.9-0.9 239.9 33.3 0 70.1 1.6 106.8-0.4 54.5-2.9 90-34.2 102.4-86.7C973.6 162.1 929.9 95.6 853.4 89.7zM862.6 295.8c-5 18.1-13.4 23-32.3 24.8 0-73.9 0-147.7 0-222.5 19.2-2.3 28.3 9.4 32.2 23.8C878.4 179.8 878.6 238 862.6 295.8z"/>
  <path class="st2" d="M1675.7 97.1c-49.3-9.1-100.3-8.6-148.3-12 7.8 83.8 5.8 162.6 2 243.2 28.6 0 61.8 0 90 0 -2.9-17.6-6.3-34.6-8.4-51.8 -1.1-9.2-1.6-18.9 0.4-27.8 1.1-4.8 7.4-10.9 12.3-11.9 14.1-2.7 29-1.6 42.9-4.7 32.2-7.4 52.7-31.7 54.8-62.6C1723.8 133.4 1710 103.4 1675.7 97.1zM1611.6 226.3c0-43.1 0-85.3 0-127.4 20.8-2 34 17.6 35.8 51.7C1649.9 198.2 1637.2 226 1611.6 226.3z"/>
</svg>

                    <p class="small muted">20. november 2015</p>
                </a>
            </div>
            <div class="hidden-xs col-sm-4 col-md-3">
                <a target="_blank" rel="nofollow noopener noreferrer" href="http://blogg.kolonial.no/image/158740916870">
                    <h4>
                        Billigst på nett!
                    </h4>
                    <svg xmlns="http://www.w3.org/2000/svg" width="202" height="43" viewBox="0 0 201.8 42.7" class="media-outlet-logo budstikka" aria-label="Budstikka">
    <title>Budstikka</title>
    <path class="logotype" d="M0 2.8C0.8 3.3 1.7 3 2.6 3c4.1-0.1 8.2-0.3 12.2 0.2 1.7 0.2 3.3 0.6 4.8 1.4 2.8 1.4 4.2 3.8 4.5 6.8 0.1 1.3 0.1 2.7-0.1 4 -0.4 2.7-2 4.7-4.3 5.8 -0.1 0.3-0.1 0.4 0.1 0.4 4.8 1.6 6.2 6 5.6 10.2 -0.8 6.3-5.3 9-10.4 9.9C12.1 42.2 9.2 42 6.3 42c-2.1 0-4.2 0-6.3 0 0-10.2 0-20.3 0-30.5 2.5-0.5 5.1-0.9 7.9-1.1 0 2.9 0 5.6 0 8.4 2.3 0.2 4.4 0.1 6.3-0.7 1.9-0.8 2.6-2.5 2.3-5 -0.2-1.8-1.2-2.8-3.1-3.3 -0.7-0.2-1.5-0.3-2.2-0.3C9 9.5 6.8 9.5 4.7 9.5c-1.6 0-3.1 0.3-4.7 0C0 7.2 0 5 0 2.8zM7.8 25.3c0 2.6 0 5.1 0 7.6 0 0.8-0.1 1.6 0.2 2.5 2 0.1 4.1 0.3 6.1-0.4 2.2-0.7 3.1-2.2 3.1-4.9 0-2.3-1-3.8-3.2-4.5C12 25.1 10 25.1 7.8 25.3z"/>
    <path class="logotype" d="M59.6 42c-4.1-1.9-5.3-5-6-9.1 -0.7-4.2-0.6-8.5 0.4-12.7 0.5-2.1 1.4-4.1 2.8-5.7 2.7-3.1 7-3.9 10.7-1.4 0.6 0.4 1.2 0.9 2.1 1.4 0-4.5 0-8.9 0-13.2 1.6-0.5 3.2-0.6 4.7-0.9 0.3 0 0.6 0.1 0.7-0.4 0.8 0 1.6 0 2.5 0 0 1.3-0.1 2.6-0.1 3.8 0 12.1 0 24.1 0 36.2 0 0.6 0 1.2 0 1.9 -2.1 0-4.2 0-6.4 0 -0.2-0.8-0.4-1.7-0.7-2.9 -1.7 1.4-3.6 3.4-5.4 3.4C63.2 42.4 61 42.4 59.6 42zM69.6 21.1c-0.9-0.9-1.9-1.6-3-2.1 -1.6-0.8-3-0.3-4.1 1.1 -0.4 0.5-0.6 1.1-0.8 1.7 -0.7 2.5-0.9 5.1-0.6 7.8 0.2 1.3 0.3 2.7 1 3.9 0.9 1.8 2.5 2.4 4.3 1.6 1.2-0.5 2.3-1.3 3.2-2.3C69.6 28.9 69.6 25 69.6 21.1z"/>
    <path class="logotype" d="M163.3 0c-0.2 2.3-0.1 4.7-0.1 7 0 5 0 10 0 15.1 0 0.3-0.1 0.7 0.3 1.1 1.9-3.6 3.8-7.2 5.7-10.9 2.8 0 5.5 0 8.5 0 -2.5 4.3-4.8 8.4-7.3 12.7 2.9 5.6 5.8 11.2 8.8 17 -3.1 0-6 0-9 0 -2.2-4.3-4.4-8.7-6.6-13.1 -0.1 0-0.2 0-0.3 0.1 0 4.3 0 8.6 0 13 -2.6 0-5.1 0-7.6 0 0-13.5 0-27.1 0-40.7 1.5-0.6 3.1-0.6 4.7-0.9 0.3-0.1 0.7 0 0.9-0.3C161.9 0 162.6 0 163.3 0z"/>
    <path class="logotype" d="M138.1 0c0.2 1.2 0.1 2.3 0.1 3.5 0 6.6 0 13.3 0 20.3 2.1-4.1 4-7.8 6-11.6 2.7 0 5.4 0 8.5 0 -2.5 4.3-4.8 8.4-7.2 12.7 2.9 5.6 5.8 11.2 8.8 17 -3.2 0-6.1 0-9 0 -2.3-4.5-4.6-9-6.8-13.5 -0.1 0-0.2 0.1-0.2 0.1 0 4.4 0 8.9 0 13.4 -2.6 0-5.1 0-7.6 0 0-13.6 0-27.1 0-40.7 1.5-0.4 3.1-0.6 4.7-0.8 0.4-0.1 0.8 0.1 1.1-0.3C136.9 0 137.5 0 138.1 0z"/>
    <path class="logotype" d="M183.6 42c-4.5-1.9-4.8-5.3-5.5-9.7 -0.6-4.2-0.5-8.4 0.6-12.5 0.6-2.2 1.6-4.2 3.3-5.9 2.6-2.6 6.3-3.1 9.5-1.2 1.2 0.7 2.2 1.6 3.4 2.5 0.3-1 0.5-1.9 0.7-2.9 2 0 4.1-0.1 6.2 0.1 0 9.9 0 19.9 0 29.8 -2.1 0-4.1 0-6.1 0 -0.6-1-0.4-2-0.9-3 -1.7 1.5-3.6 2.3-5.3 3.4C187.9 42.6 185.1 43 183.6 42zM194.2 33c0-3.9 0-7.8 0-11.8 -0.5-0.4-1-0.8-1.5-1.2 -0.4-0.3-0.8-0.5-1.2-0.7 -2.1-1-3.7-0.5-4.7 1.6 -0.3 0.5-0.5 1.1-0.6 1.6 -0.6 2.8-0.6 5.5-0.2 8.3 0.1 0.9 0.3 1.8 0.7 2.7 1 2 2.7 2.6 4.6 1.6C192.4 34.7 193.4 34.1 194.2 33z"/>
    <path class="logotype" d="M32.7 42c-3.8-1.8-5-4.5-5-8.4 -0.1-7 0-14.1 0-21.2 2.6 0 5 0 7.5 0 0.4 0.6 0.2 1.3 0.2 1.9 0 5.4 0 10.9 0 16.3 0 0.9 0 1.8 0.4 2.8 0.8 2.1 2.1 2.8 4.2 2 1.2-0.4 2.2-1.1 3.2-2.1 0-6.8 0-13.7 0-20.8 2.7 0 5.2 0 7.8 0 0 9.9 0 19.7 0 29.6 -2.1 0-4.2 0-6.3 0C44.4 41 44.2 40.2 44 39c-1.7 1.4-2 3.3-5.4 3.4C36.7 42.4 34.5 42.4 32.7 42z"/>
    <path class="logotype" d="M82.2 41.5c-0.9-0.4-1.8-0.8-2.7-1.4 0.4-1.9 1.4-3.6 2.1-5.4 1-0.1 1.7 0.6 2.5 0.8 1.5 0.6 3 0.9 4.6 0.6 2.1-0.4 2.8-2.4 1.5-4.1 -0.4-0.6-1-1-1.6-1.3 -1.6-0.9-3.2-1.7-4.7-2.6 -5.1-3.1-5.2-9.6-2.8-12.8 1-1.4 2.2-2.4 3.8-2.9 4.4-1.5 8.7-0.9 12.8 1.4 -0.5 1.9-1.3 3.5-2.1 5.3 -1.5-0.2-2.7-1.1-4.2-1.3 -0.7-0.1-1.4-0.3-2.1-0.1 -0.9 0.2-1.8 0.5-2.1 1.6 -0.3 1-0.1 2 0.7 2.7 1 0.8 2.1 1.4 3.3 2 1.8 0.9 3.6 1.9 5.1 3.4 3.4 3.3 3.5 11.8-3 14.5 -0.5 0.2-2.9 0.7-4.9 0.7C85.8 42.4 82.8 41.8 82.2 41.5z"/>
    <path class="logotype" d="M105.7 42c-3.4-1.2-3.6-3.5-3.7-6.8 -0.1-5.6 0-11.2 0-16.9 -1.1-0.4-2.2-0.1-3.4-0.3 0-1.9 0-3.8 0-6 1.1 0 2.2 0 3.4 0 0-2.3 0-4.4 0-6.7 2.6-0.7 5.1-0.8 7.8-1.3 0 2.6 0 5.2 0 7.8 1.8 0.4 3.6 0 5.4 0.3 0 1.9 0 3.8 0 5.8 -1.7 0.4-3.5-0.1-5.4 0.3 0 0.9 0 1.8 0 2.7 0 4 0 8.1 0 12.1 0 0.8 0.1 1.6 0.5 2.3 1.3 0.9 2.8 0.1 4.4 0.4 0.1 1.9 0.3 3.7 0.4 5.5 -0.6 0.7-1 1.1-2 1.1C111 42.4 107 42.7 105.7 42z"/>
    <path class="logotype" d="M125.7 42c-2.6 0-5 0-7.5 0 0-9.9 0-19.7 0-29.7 2.5 0 5 0 7.5 0C125.7 22.2 125.7 32 125.7 42z"/>
    <path class="prikken-over-ien" d="M123.3 9c-1.7 0-3.5 0-5.2 0 0-2.1 0-4 0-6 2.6-0.4 5-0.8 7.7-1.2 0 2.3 0 4.6 0 6.8 0 0.3-0.3 0.3-0.5 0.3C124.5 8.7 123.9 8.6 123.3 9z"/>
</svg>

                    <p class="small muted">17. februar 2016</p>
                </a>
            </div>
            <div class="hidden-xs col-sm-4 col-md-3">
                <a target="_blank" rel="nofollow noopener noreferrer" href="http://blogg.kolonial.no/post/144802599225/kolonialno-blir-for-f%C3%B8rste-gang-pristestet-i-en">
                <h4>
                    «Kolonial.no billigst på nett»
                </h4>
                <p class="small muted">Moderne Transport, februar 2014</p>
                </a>
            </div>
        </div>
    </div>
</div>


        <div class="row">
            <div class="col-sm-12 col-md-6">
                <a href="/utlevering/#deliverycheck" class="campaign-banner medium">
                    <div class="content delivery-van">
                        <p>
                            Levering til døra alle dager fra kr. 0,-<br>
                            <span class="link">
                                Sjekk priser og tider der du bor
                            </span>
                        </p>
                    </div>
                </a>
            </div>
            <div class="col-sm-12 col-md-6">
                <a href="/app/" class="campaign-banner medium">
                    <div class="content app">
                        <p>
                            Last ned appen!
                        </p>
                    </div>
                </a>
            </div>
        </div>

    </div>




    <div class="wide-container footer-wide-container">
        <div class="footer-container">
            <footer class="content-container hidden-print">

                

                    <div class="support-content align-center-mobile">
                        <div class="row">
                            <div class="col-sm-8 col-md-9 hidden-print">
                                <h5>Lurer du på noe?</h5>
                                <a data-action="toggle-faq-search" accesskey="8">
                                    <svg xmlns="http://www.w3.org/2000/svg" viewBox="0 0 155.9 155.9" class="icon icon-questionmark" aria-label="Spørsmålstegn">
    <title>Spørsmålstegn</title>
    <path d="M79 134c-7.4 0-13.5-6.1-13.5-13.5 0-7.4 6.1-13.5 13.5-13.5 7.4 0 13.5 6.1 13.5 13.5C92.5 127.9 86.4 134 79 134zM79 113c-4.1 0-7.5 3.4-7.5 7.5 0 4.1 3.4 7.5 7.5 7.5 4.1 0 7.5-3.4 7.5-7.5C86.5 116.4 83.1 113 79 113z"/>
    <path d="M88 104H70c-1.7 0-3-1.3-3-3v-7.3c0-7.2 2.8-14 7.9-19.1l8.1-8.1c2.4-2.4 2.6-6 0.5-8.4 -1.1-1.3-2.6-2-4.3-2 -1.7 0-3.3 0.6-4.4 1.8C73.6 58.9 73 60.4 73 62v6c0 1.7-1.3 3-3 3H52c-1.7 0-3-1.3-3-3v-6c0-8.8 3.9-17.1 10.6-22.9 11.3-9.6 28.1-9.5 39.2 0.3 6.3 5.6 9.9 13.2 10.2 21.6 0.3 8.3-2.9 16.3-8.8 22.2L91 92.4v8.6C91 102.7 89.7 104 88 104zM73 98h12v-6.8c0-0.8 0.3-1.6 0.9-2.1L96 79c4.7-4.7 7.2-11 7-17.7 -0.2-6.7-3.1-12.8-8.2-17.3 -8.9-7.8-22.4-7.9-31.4-0.3C58.1 48.3 55 55 55 62v3h12v-3c0-3.2 1.2-6.2 3.5-8.5 2.3-2.3 5.6-3.6 8.9-3.5 3.4 0.1 6.4 1.6 8.6 4.1 4.2 4.7 3.8 12-0.8 16.6l-8.1 8.1c-4 4-6.2 9.2-6.2 14.8V98z"/>
    <path d="M130 71h-9c-1.7 0-3-1.3-3-3s1.3-3 3-3h9c1.7 0 3 1.3 3 3S131.7 71 130 71z"/>
    <path d="M112 104c-0.8 0-1.5-0.3-2.1-0.9l-6-6c-1.2-1.2-1.2-3.1 0-4.2 1.2-1.2 3.1-1.2 4.2 0l6 6c1.2 1.2 1.2 3.1 0 4.2C113.5 103.7 112.8 104 112 104z"/>
    <path d="M37 71h-9c-1.7 0-3-1.3-3-3s1.3-3 3-3h9c1.7 0 3 1.3 3 3S38.7 71 37 71z"/>
    <path d="M49 101c-0.8 0-1.5-0.3-2.1-0.9 -1.2-1.2-1.2-3.1 0-4.2l6-6c1.2-1.2 3.1-1.2 4.2 0 1.2 1.2 1.2 3.1 0 4.2l-6 6C50.5 100.7 49.8 101 49 101z"/>
    <path d="M112 35c-0.8 0-1.5-0.3-2.1-0.9 -1.2-1.2-1.2-3.1 0-4.2l6-6c1.2-1.2 3.1-1.2 4.2 0 1.2 1.2 1.2 3.1 0 4.2l-6 6C113.5 34.7 112.8 35 112 35z"/>
    <path d="M46 35c-0.8 0-1.5-0.3-2.1-0.9l-6-6c-1.2-1.2-1.2-3.1 0-4.2 1.2-1.2 3.1-1.2 4.2 0l6 6c1.2 1.2 1.2 3.1 0 4.2C47.5 34.7 46.8 35 46 35z"/>
</svg>

                                    Svar på vanlige spørsmål
                                </a>
                            </div>
                            <div class="col-sm-4 col-md-3 hidden-print">
                                <h5>La oss hjelpe deg</h5>
                                <a href="/kundeservice/" accesskey="9">
                                    Gå til kundeservice
                                </a>
                                
                            </div>
                        </div>
                    </div>

                    <div class="row">
                        <div class="col-xs-6 col-sm-3 col-md-2 hidden-print">
                            <h5>Meny</h5>
                            <ul class="list-unstyled">
                                <li><a href="/om/konseptet/">Slik fungerer det</a></li>
                                <li><a href="/utlevering/">Utlevering</a></li>
                                <li><a href="/om/kvalitet/">Kvalitet</a></li>
                                <li><a href="/lave-priser/">Lave priser</a></li>
                                <li><a href="/app/">App</a></li>
                                <li><a href="/om/sikkerhet/">Trygg handel</a></li>
                                <li><a href="/om/ansvar/">Ansvar og miljø</a></li>
                                <li><a href="/om/pant/">Retur av pant</a></li>
                                <li><a href="/kundeservice/">Hjelp og kundeservice</a></li>
                                <li><a href="/bedrift/">Bedriftslevering</a></li>
                                
                            </ul>

                            <h5>Kolonial.no</h5>
                            <ul class="list-unstyled">
                                <li><a href="/om/">Om oss</a></li>
                                <li><a href="/om/presse/">I media</a></li>
                                <li><a href="/om/jobber/">Jobb og karriere</a></li>
                                <li><a href="/om/teknologi/">Teknologi og API</a></li>
                                <li><a href="https://blogg.kolonial.no" target="_blank" rel="nofollow noopener noreferrer">Bloggen vår</a></li>
                            </ul>
                        </div>
                        <div class="col-xs-6 col-sm-3 col-md-3 hidden-print">
                            

                                <h5>
                                    <a href="/utlevering/">Hjemlevering, fra kr. 0,-</a>
                                </h5>

                                
                                    <p>
                                        Vi tilbyr hjemlevering fra morgen til kveld i utvalgte postnummere for et lite tillegg.
                                        <a href="/utlevering/">Sjekk om og når du kan få hjemlevering</a>.
                                    </p>
                                

                            
                        </div>
                        <div class="col-xs-12 col-sm-offset-2 col-sm-4 col-md-3 col-md-offset-4 align-center-mobile">

                            <a style="display: inline-flex;" href="https://appsto.re/no/Q-gwab.i" target="_blank" rel="nofollow noopener noreferrer">
                                <svg xmlns="http://www.w3.org/2000/svg" xmlns:xlink="http://www.w3.org/1999/xlink" version="1.1" class="appstore-badge apple" x="0" y="0" viewBox="0 0 377.3 111.8" enable-background="new 0 0 377.3 111.8" xml:space="preserve" aria-label="Last ned i App Store!">
  <title>Last ned i App Store!</title>
  <path class="fill" d="M261.3 33.6c0 0.7 0.2 1.2 0.6 1.5 0.4 0.3 0.9 0.5 1.4 0.5 0.6 0 1.2-0.2 1.8-0.6 0.6-0.4 0.9-0.9 1-1.6 0-0.1 0-0.3 0-0.5v-2C262.9 30.9 261.3 31.8 261.3 33.6z"/>
  <path class="fill" d="M206.5 27.3c-0.5-0.8-1.3-1.2-2.3-1.2 -1 0-1.7 0.4-2.3 1.2 -0.5 0.6-0.8 1.4-0.9 2.3h6.1C207.1 28.7 206.9 28 206.5 27.3z"/>
  <path class="fill" d="M167.9 65.4c-1.5 0-2.8 0.5-4 1.5 -1.2 1-2 2.3-2.3 3.8 -0.2 0.7-0.3 1.3-0.3 1.8V77c0 2 0.6 3.6 1.8 4.9 1.2 1.3 2.8 2 4.7 2 2.2 0 4-0.9 5.2-2.6 1.3-1.7 1.9-4 1.9-6.8 0-2.6-0.6-4.8-1.8-6.5C171.8 66.3 170.1 65.4 167.9 65.4z"/>
  <path class="fill" d="M198.8 65.4c-1.5 0-2.8 0.5-4 1.5 -1.2 1-2 2.3-2.3 3.8 -0.2 0.7-0.3 1.3-0.3 1.8V77c0 2 0.6 3.6 1.8 4.9 1.2 1.3 2.8 2 4.7 2 2.2 0 4-0.9 5.2-2.6 1.3-1.7 1.9-4 1.9-6.8 0-2.6-0.6-4.8-1.8-6.5C202.6 66.3 200.9 65.4 198.8 65.4z"/>
  <path class="fill" d="M138.6 33.6c0 0.7 0.2 1.2 0.6 1.5 0.4 0.3 0.9 0.5 1.4 0.5 0.6 0 1.2-0.2 1.8-0.6s0.9-0.9 1-1.6c0-0.1 0.1-0.3 0.1-0.5v-2C140.2 30.9 138.6 31.8 138.6 33.6z"/>
  <path class="fill" d="M221.7 27.1c-0.5-0.5-1.2-0.7-2-0.7 -1.1 0-1.9 0.4-2.6 1.3 -0.6 0.9-0.9 2-0.9 3.3 0 1.3 0.3 2.4 0.9 3.2 0.6 0.9 1.5 1.3 2.6 1.3 1 0 1.7-0.4 2.3-1.1 0.6-0.7 0.8-1.5 0.8-2.4v-2.2c0-0.4 0-0.7-0.1-0.9C222.6 28.2 222.2 27.6 221.7 27.1z"/>
  <path class="fill" d="M134.2 55.8h-0.1c-0.4 1.6-1 3.9-1.8 7l-3.1 9.7h10l-3.1-9.7C135.8 61.8 135.2 59.5 134.2 55.8z"/>
  <path class="fill" d="M282.5 65c-2.4 0-4.2 1.1-5.5 3.2 -1.1 1.8-1.6 3.9-1.6 6.5 0 2.5 0.5 4.6 1.6 6.4 1.3 2.1 3.1 3.2 5.4 3.2 2.3 0 4.1-1.1 5.3-3.3 1.1-1.8 1.7-3.9 1.7-6.4 0-2.5-0.5-4.6-1.6-6.4C286.6 66.1 284.8 65 282.5 65z"/>
  <path class="fill" d="M330 64.8c-1.9 0-3.5 0.8-4.7 2.4 -1 1.3-1.6 2.8-1.8 4.6h12.4c0-1.8-0.3-3.3-1.2-4.6C333.7 65.6 332.2 64.8 330 64.8z"/>
  <path class="fill" d="M363.9 0H13.2C5.9 0 0 5.9 0 13.2v85.4c0 7.3 5.9 13.2 13.2 13.2h350.7c7.3 0 13.4-5.9 13.4-13.2V13.2C377.3 5.9 371.2 0 363.9 0zM237.4 24.4h1.8v-0.6c0-2 0.5-3.5 1.5-4.5 0.9-0.8 2-1.2 3.3-1.2 0.8 0 1.5 0.1 2.1 0.4l-0.3 2.3c-0.4-0.2-0.9-0.3-1.4-0.3 -1.5 0-2.3 1.1-2.3 3.3v0.7h3v2.2h-2.9v11h-2.9v-11h-1.8V24.4zM199.8 26.2c1.1-1.4 2.7-2.1 4.6-2.1 1.9 0 3.3 0.7 4.3 2.1 0.8 1.1 1.2 2.5 1.2 4.1 0 0.5 0 1-0.1 1.3H201c0 1.3 0.5 2.3 1.3 3 0.7 0.6 1.7 0.9 2.9 0.9 1.3 0 2.5-0.2 3.6-0.6l0.5 2c-1.2 0.5-2.7 0.8-4.4 0.8 -2 0-3.6-0.6-4.8-1.8 -1.2-1.2-1.7-2.8-1.7-4.8C198.2 29.2 198.7 27.5 199.8 26.2zM162.4 24.4h1.9V22l2.9-0.9v3.3h3.2v2.2h-3.2V33c0 1.6 0.6 2.4 1.7 2.4 0.5 0 1 0 1.3-0.1l0.1 2.2c-0.6 0.2-1.3 0.3-2.3 0.3 -1.2 0-2.1-0.4-2.7-1.1 -0.7-0.7-1-1.9-1-3.6v-6.6h-1.9V24.4zM140.6 26.2c-1.3 0-2.4 0.3-3.4 1l-0.6-1.9c1.2-0.8 2.7-1.1 4.5-1.1 3.4 0 5.2 1.8 5.2 5.4v4.9c0 1.3 0.1 2.4 0.2 3.1h-2.6l-0.2-1.5h-0.1c-0.9 1.2-2.2 1.8-3.8 1.8 -1.2 0-2.3-0.4-3-1.2 -0.7-0.7-1-1.6-1-2.7 0-1.6 0.7-2.8 2-3.7 1.3-0.8 3.2-1.3 5.7-1.2v-0.2C143.3 27.1 142.4 26.2 140.6 26.2zM122.3 19.3h2.9v15.8h7.5v2.5h-10.4V19.3zM68.4 22.8c2.5-3 7-5.3 10.5-5.4 0.5 4.2-1.2 8.4-3.6 11.4 -2.5 3-6.6 5.3-10.6 5C64.1 29.8 66.2 25.4 68.4 22.8zM88.8 79.8c-2.9 4.4-6 8.7-10.9 8.7 -4.7 0.1-6.3-2.8-11.8-2.8 -5.5 0-7.2 2.7-11.7 2.9 -4.6 0.2-8.2-4.7-11.2-9 -6.1-8.9-10.8-25-4.5-35.9 3.1-5.4 8.7-8.8 14.6-8.9 4.6-0.1 9 3.1 11.8 3.1 2.8 0 8.1-3.9 13.6-3.3 2.3 0.1 8.8 0.9 13.1 7.1 -0.3 0.2-7.8 4.6-7.7 13.6 0.1 10.8 9.4 14.4 9.6 14.4C93.7 69.9 92.3 74.8 88.8 79.8zM143.8 88.1l-3.5-10.9h-12.1l-3.3 10.9h-6.2l12-37.2h7.4l12 37.2H143.8zM150.5 36.9l0.6-2.2c1 0.6 2.1 0.9 3.2 0.9 1.5 0 2.2-0.6 2.2-1.7 0-0.5-0.2-0.9-0.5-1.2 -0.3-0.3-0.9-0.6-1.7-0.9 -2.3-0.9-3.5-2.1-3.5-3.8 0-1.1 0.4-2.1 1.3-2.8 0.9-0.8 2-1.1 3.4-1.1 1.3 0 2.4 0.3 3.3 0.8l-0.6 2.1c-0.8-0.5-1.7-0.8-2.7-0.8 -0.6 0-1.1 0.1-1.4 0.4 -0.3 0.3-0.5 0.7-0.5 1.1 0 0.5 0.2 0.8 0.5 1.1 0.3 0.3 0.9 0.6 1.8 0.9 2.3 0.9 3.4 2.2 3.4 4 0 1.2-0.5 2.2-1.4 2.9 -0.9 0.7-2.2 1.1-3.7 1.1C152.8 37.8 151.6 37.5 150.5 36.9zM177.2 85.1c-2.2 2.4-4.9 3.5-8.2 3.5 -3.5 0-6.1-1.3-7.6-3.8h-0.1V99h-6V70.1c0-2.9-0.1-5.8-0.2-8.8h5.2l0.3 4.2h0.1c2-3.2 5-4.8 9-4.8 3.2 0 5.8 1.3 7.9 3.8 2.1 2.5 3.2 5.8 3.2 9.9C180.9 78.9 179.7 82.5 177.2 85.1zM185.4 37.5h-2.9v-9.4c0-1.2 0-2.4-0.1-3.8h2.6l0.1 2.1h0.1c0.3-0.6 0.8-1.2 1.5-1.6 0.8-0.5 1.7-0.7 2.7-0.7 1.2 0 2.3 0.4 3.1 1.2 1 1 1.5 2.4 1.5 4.4v7.9h-2.9V30c0-2.3-0.9-3.5-2.7-3.5 -0.9 0-1.6 0.3-2.1 1 -0.5 0.6-0.8 1.4-0.8 2.3V37.5zM208.1 85.1c-2.2 2.4-4.9 3.5-8.2 3.5 -3.5 0-6.1-1.3-7.6-3.8h-0.1V99h-6V70.1c0-2.9-0.1-5.8-0.2-8.8h5.2l0.3 4.2h0.1c2-3.2 5-4.8 9-4.8 3.2 0 5.8 1.3 7.9 3.8 2.1 2.5 3.2 5.8 3.2 9.9C211.8 78.9 210.5 82.5 208.1 85.1zM223 35.4c-0.8 1.6-2.2 2.4-4.2 2.4 -1.6 0-2.9-0.6-4-1.9 -1-1.2-1.6-2.9-1.6-4.9 0-2.1 0.6-3.9 1.7-5.2 1.1-1.2 2.5-1.8 4.1-1.8 1.8 0 3 0.6 3.7 1.8h0.1v-7.6h2.9V34c0 1.3 0 2.5 0.1 3.6h-2.6L223 35.4 223 35.4zM243 85.3c-2.4 2.2-5.8 3.3-10.1 3.3 -4 0-7.2-0.8-9.6-2.3l1.4-5c2.6 1.6 5.5 2.4 8.6 2.4 2.2 0 4-0.5 5.2-1.5 1.3-1 1.9-2.4 1.9-4.1 0-1.5-0.5-2.8-1.5-3.8 -1-1-2.7-2-5.1-2.9 -6.5-2.4-9.8-6-9.8-10.7 0-3.1 1.1-5.6 3.4-7.5 2.3-2 5.3-2.9 9.1-2.9 3.4 0 6.2 0.6 8.4 1.8l-1.5 4.9c-2.1-1.1-4.5-1.7-7.1-1.7 -2.1 0-3.7 0.5-4.9 1.5 -1 0.9-1.5 2-1.5 3.4 0 1.5 0.6 2.7 1.7 3.6 1 0.9 2.8 1.8 5.4 2.9 3.2 1.3 5.6 2.8 7.1 4.5 1.5 1.7 2.3 3.9 2.3 6.5C246.3 80.8 245.2 83.4 243 85.3zM248.6 24.4h2.5l0.1 2.5h0.1c0.3-0.9 0.8-1.6 1.5-2.1 0.6-0.5 1.4-0.7 2.1-0.7 0.3 0 0.5 0 0.7 0.1v2.8c-0.3-0.1-0.6-0.1-0.9-0.1 -1 0-1.8 0.4-2.4 1.2 -0.5 0.7-0.7 1.6-0.7 2.6v6.9h-2.9l0-9C248.7 27 248.6 25.6 248.6 24.4zM266 65.7h-6.6v13c0 3.3 1.2 5 3.5 5 1.1 0 1.9-0.1 2.6-0.3l0.2 4.5c-1.2 0.4-2.7 0.7-4.6 0.7 -2.4 0-4.2-0.7-5.5-2.2 -1.3-1.4-2-3.8-2-7.2V65.7h-3.9v-4.5h3.9v-4.9l5.9-1.8v6.7h6.6V65.7zM266.6 37.5l-0.2-1.5h-0.1c-0.9 1.2-2.2 1.8-3.8 1.8 -1.2 0-2.2-0.4-3-1.2 -0.7-0.7-1-1.6-1-2.7 0-1.6 0.7-2.8 2-3.7 1.3-0.8 3.2-1.3 5.7-1.2v-0.2c0-1.7-0.9-2.6-2.7-2.6 -1.3 0-2.4 0.3-3.4 1l-0.6-1.9c1.2-0.8 2.7-1.1 4.5-1.1 3.4 0 5.2 1.8 5.2 5.4v4.9c0 1.3 0.1 2.4 0.2 3.1H266.6zM292.1 84.6c-2.5 2.7-5.7 4.1-9.8 4.1 -3.9 0-7.1-1.3-9.4-3.9 -2.3-2.6-3.5-5.9-3.5-9.9 0-4.2 1.2-7.6 3.6-10.2 2.4-2.7 5.7-4 9.7-4 3.9 0 7.1 1.3 9.5 3.9 2.3 2.5 3.4 5.8 3.4 9.8C295.6 78.5 294.4 81.9 292.1 84.6zM315 66.5c-0.6-0.1-1.2-0.2-1.9-0.2 -2.1 0-3.7 0.8-4.9 2.4 -1 1.4-1.5 3.2-1.5 5.3v14.1h-6l0.1-18.4c0-3.1-0.1-5.9-0.2-8.4h5.2l0.2 5.1h0.2c0.6-1.8 1.6-3.2 3-4.2 1.3-1 2.8-1.4 4.3-1.4 0.6 0 1 0 1.5 0.1V66.5zM341.4 76.1h-17.9c0.1 2.7 0.9 4.7 2.6 6.1 1.5 1.3 3.5 1.9 5.8 1.9 2.6 0 5.1-0.4 7.2-1.3l0.9 4.1c-2.5 1.1-5.5 1.7-9 1.7 -4.2 0-7.4-1.2-9.8-3.7 -2.4-2.4-3.6-5.7-3.6-9.9 0-4 1.1-7.4 3.3-10.1 2.3-2.9 5.4-4.3 9.4-4.3 3.9 0 6.8 1.4 8.8 4.3 1.6 2.3 2.4 5.1 2.4 8.4C341.6 74.4 341.5 75.3 341.4 76.1z"/>
</svg>

                            </a>

                            <a style="display: inline-flex;" href="https://play.google.com/store/apps/details?id=no.kolonial.tienda&amp;referrer=utm_source%3Dkolonialno%26utm_medium%3Dlink%26utm_content%3Dfooter" target="_blank" rel="nofollow noopener noreferrer">
                                <svg xmlns="http://www.w3.org/2000/svg" viewBox="0 0 377.3 111.8" style="enable-background:new 0 0 377.3 111.8;version:1" class="appstore-badge googleplay" aria-label="Tilgjengelig på Google Play!">
  <path d="M363.9 0H13.2C5.9 0 0 5.9 0 13.2v85.4c0 7.3 5.9 13.2 13.2 13.2h350.7c7.3 0 13.4-5.9 13.4-13.2V13.2C377.3 5.9 371.2 0 363.9 0z" class="fill"/>
  <title>
    Tilgjengelig på Google Play!
  </title>
  <linearGradient id="google_play_blue_1_" gradientUnits="userSpaceOnUse" x1="59.7" y1="90.1" x2="12.8" y2="43.1" gradientTransform="matrix(1 0 0 -1 0 114.58)">
    <stop offset="0" stop-color="#00A0FF"/>
    <stop offset="6.574450e-03" stop-color="#00A1FF"/>
    <stop offset="0.2601" stop-color="#00BEFF"/>
    <stop offset="0.5122" stop-color="#00D2FF"/>
    <stop offset="0.7604" stop-color="#00DFFF"/>
    <stop offset="1" stop-color="#00E3FF"/>
  </linearGradient>
  <path id="google_play_blue" class="blue" d="M27.9 21.2c-0.8 0.9-1.3 2.2-1.3 3.9V87c0 1.7 0.5 3.1 1.3 3.9l0.2 0.2 34.7-34.7v-0.4 -0.4L28.1 21 27.9 21.2z"/>
  <linearGradient id="google_play_yellow_1_" gradientUnits="userSpaceOnUse" x1="93.4" y1="58.5" x2="25.7" y2="58.5" gradientTransform="matrix(1 0 0 -1 0 114.58)">
    <stop offset="0" stop-color="#FFE000"/>
    <stop offset="0.4087" stop-color="#FFBD00"/>
    <stop offset="0.7754" stop-color="#FFA500"/>
    <stop offset="1" stop-color="#FF9C00"/>
  </linearGradient>
  <path id="google_play_yellow" class="yellow" d="M74.3 68.1L62.8 56.5v-0.4 -0.4l11.6-11.6 0.3 0.1L88.3 52c3.9 2.2 3.9 5.9 0 8.1l-13.7 7.8L74.3 68.1z"/>
  <linearGradient id="google_play_red_1_" gradientUnits="userSpaceOnUse" x1="68.2" y1="52.1" x2="4.5" y2="-11.6" gradientTransform="matrix(1 0 0 -1 0 114.58)">
    <stop offset="0" stop-color="#FF3A44"/>
    <stop offset="1" stop-color="#C31162"/>
  </linearGradient>
  <path id="google_play_red" class="red" d="M74.6 67.9L62.8 56.1 27.9 90.9c1.3 1.4 3.4 1.5 5.8 0.2L74.6 67.9"/>
  <linearGradient id="google_play_green_1_" gradientUnits="userSpaceOnUse" x1="19.2" y1="113.9" x2="47.6" y2="85.5" gradientTransform="matrix(1 0 0 -1 0 114.58)">
    <stop offset="0" stop-color="#32A071"/>
    <stop offset="6.850000e-02" stop-color="#2DA771"/>
    <stop offset="0.4762" stop-color="#15CF74"/>
    <stop offset="0.8009" stop-color="#06E775"/>
    <stop offset="1" stop-color="#00F076"/>
  </linearGradient>
  <path class="google_play_green green" d="M74.6 44.3L33.7 21.1c-2.4-1.4-4.5-1.2-5.8 0.2l34.9 34.9L74.6 44.3z"/>
  <path class="google_play_l_1_ font" d="M134.4 36.5V19.7h2.2v14.7h7.3v2.1H134.4z"/>
  <path class="google_play_g_2_ font" d="M162.3 28.8c0 2.3-0.7 4.2-2.1 5.6 -1.6 1.7-3.6 2.5-6.2 2.5 -2.4 0-4.5-0.8-6.2-2.5 -1.7-1.7-2.5-3.8-2.5-6.2 0-2.5 0.8-4.6 2.5-6.2 1.7-1.7 3.8-2.5 6.2-2.5 1.2 0 2.4 0.2 3.4 0.7 1.1 0.5 2 1.1 2.6 1.9l-1.5 1.5c-1.1-1.3-2.6-2-4.6-2 -1.8 0-3.3 0.6-4.6 1.9 -1.3 1.2-1.9 2.9-1.9 4.8s0.6 3.6 1.9 4.8c1.3 1.2 2.8 1.9 4.6 1.9 1.9 0 3.4-0.6 4.7-1.9 0.8-0.8 1.3-1.9 1.4-3.4H154v-2h8.1C162.3 28 162.3 28.4 162.3 28.8z"/>
  <path class="google_play_j font" d="M169 36.9c-1.2 0-2.3-0.3-3.1-1 -0.9-0.7-1.5-1.6-1.8-2.9l2-0.8c0.5 1.8 1.5 2.6 3.1 2.6 1 0 1.8-0.3 2.3-1 0.5-0.6 0.8-1.5 0.8-2.6V19.7h2.2v11.4c0 1.8-0.5 3.2-1.5 4.2C171.8 36.4 170.5 36.9 169 36.9z"/>
  <path class="google_play_e_1_ font" d="M187.7 21.8h-7.6v5.3h6.9v2h-6.9v5.3h7.6v2.1h-9.8V19.7h9.8V21.8z"/>
  <path class="google_play_n font" d="M191.1 36.5V19.7h2.6l8.2 13.1h0.1l-0.1-3.2v-9.8h2.2v16.8h-2.3l-8.5-13.7h-0.1l0.1 3.2v10.5H191.1z"/>
  <path class="google_play_g_1_ font" d="M223.8 28.8c0 2.3-0.7 4.2-2.1 5.6 -1.6 1.7-3.6 2.5-6.2 2.5 -2.4 0-4.5-0.8-6.2-2.5 -1.7-1.7-2.5-3.8-2.5-6.2 0-2.5 0.8-4.6 2.5-6.2 1.7-1.7 3.8-2.5 6.2-2.5 1.2 0 2.4 0.2 3.4 0.7 1.1 0.5 2 1.1 2.6 1.9l-1.5 1.5c-1.1-1.3-2.6-2-4.6-2 -1.8 0-3.3 0.6-4.6 1.9 -1.3 1.2-1.9 2.9-1.9 4.8s0.6 3.6 1.9 4.8c1.3 1.2 2.8 1.9 4.6 1.9 1.9 0 3.4-0.6 4.7-1.9 0.8-0.8 1.3-1.9 1.4-3.4h-6.1v-2h8.1C223.7 28 223.8 28.4 223.8 28.8z"/>
  <path class="google_play_e font" d="M236.7 21.8H229v5.3h6.9v2H229v5.3h7.6v2.1h-9.8V19.7h9.8V21.8z"/>
  <path class="google_play_l font" d="M240 36.5V19.7h2.2v14.7h7.3v2.1H240z"/>
  <path class="google_play_i_1_ font" d="M252.2 36.5V19.7h2.2v16.8H252.2z"/>
  <path class="google_play_g font" d="M274.1 28.8c0 2.3-0.7 4.2-2.1 5.6 -1.6 1.7-3.6 2.5-6.2 2.5 -2.4 0-4.5-0.8-6.2-2.5 -1.7-1.7-2.5-3.8-2.5-6.2 0-2.5 0.8-4.6 2.5-6.2 1.7-1.7 3.8-2.5 6.2-2.5 1.2 0 2.4 0.2 3.4 0.7 1.1 0.5 2 1.1 2.6 1.9l-1.5 1.5c-1.1-1.3-2.6-2-4.6-2 -1.8 0-3.3 0.6-4.6 1.9 -1.3 1.2-1.9 2.9-1.9 4.8s0.6 3.6 1.9 4.8c1.3 1.2 2.8 1.9 4.6 1.9 1.9 0 3.4-0.6 4.7-1.9 0.8-0.8 1.3-1.9 1.4-3.4h-6.1v-2h8.1C274.1 28 274.1 28.4 274.1 28.8z"/>
  <path class="google_play_p font" d="M285 36.5h-2.2V19.7h5.7c1.4 0 2.7 0.5 3.7 1.4 1 0.9 1.6 2.1 1.6 3.6 0 1.4-0.5 2.6-1.6 3.6 -1 0.9-2.3 1.4-3.7 1.4H285V36.5zM285 27.6h3.6c0.9 0 1.6-0.3 2.2-0.9 0.5-0.6 0.8-1.3 0.8-2 0-0.7-0.3-1.4-0.8-2 -0.5-0.6-1.3-0.9-2.2-0.9H285V27.6z"/>
  <path class="google_play_Y font" d="M344.9 61.7l-6 15.2h-0.2l-6.2-15.2h-5.6l9.3 21.2 -5.3 11.8h5.4l14.4-33H344.9z"/>
  <path class="google_play_A font" d="M315.9 60.9c-3.8 0-7.7 1.7-9.3 5.4l4.6 1.9c1-1.9 2.8-2.6 4.8-2.6 2.7 0 5.4 1.6 5.5 4.5v0.4c-0.9-0.5-3-1.3-5.4-1.3 -5 0-10.1 2.7-10.1 7.9 0 4.7 4.1 7.7 8.7 7.7 3.5 0 5.4-1.6 6.7-3.4h0.2V84h5V70.6C326.5 64.4 321.9 60.9 315.9 60.9zM315.3 80.1c-1.7 0-4.1-0.9-4.1-3 0-2.7 3-3.7 5.5-3.7 2.3 0 3.4 0.5 4.8 1.2C321.1 77.8 318.3 80.1 315.3 80.1z"/>
  <rect class="google_play_L_1_ font" x="297.8" y="49.1" width="5.2" height="35"/>
  <path class="google_play_P font" d="M283.5 49.1H271v35h5.2V70.8h7.3c5.8 0 11.5-4.2 11.5-10.9S289.3 49.1 283.5 49.1zM283.6 65.9h-7.4V54h7.4c3.9 0 6.1 3.2 6.1 6C289.8 62.7 287.5 65.9 283.6 65.9z"/>
  <path class="google_play_E font" d="M249.4 80.1c-2.7 0-4.6-1.2-5.8-3.6l15.9-6.6 -0.5-1.4c-1-2.7-4-7.6-10.2-7.6 -6.1 0-11.2 4.8-11.2 11.9 0 6.7 5 11.9 11.8 11.9 5.5 0 8.6-3.3 9.9-5.3l-4.1-2.7C253.9 78.8 252.1 80.1 249.4 80.1zM249 65.6c2.1 0 3.8 1 4.4 2.5l-10.6 4.4C242.7 67.9 246.4 65.6 249 65.6z"/>
  <rect class="google_play_L font" x="229.9" y="49.1" width="5.2" height="35"/>
  <path class="google_play_G_1_ font" d="M221.3 61.7v1.9h-0.2c-1.2-1.4-3.4-2.7-6.3-2.7 -5.9 0-11.4 5.2-11.4 11.9 0 6.7 5.5 11.9 11.4 11.9 2.8 0 5.1-1.3 6.3-2.7h0.2v1.7c0 4.6-2.4 7-6.4 7 -3.2 0-5.2-2.3-6-4.2l-4.6 1.9c1.3 3.2 4.8 7 10.5 7 6.1 0 11.3-3.6 11.3-12.4V61.7H221.3zM215.3 80.1c-3.6 0-6.6-3-6.6-7.2 0-4.2 3-7.3 6.6-7.3 3.6 0 6.4 3.1 6.4 7.3C221.7 77.1 218.9 80.1 215.3 80.1z"/>
  <path class="google_play_O_1_ font" d="M189.3 61c-6.6 0-11.9 5-11.9 11.9 0 6.8 5.4 11.9 11.9 11.9 6.6 0 11.9-5 11.9-11.9C201.3 66 195.9 61 189.3 61zM189.3 80.1c-3.6 0-6.7-3-6.7-7.2 0-4.3 3.1-7.2 6.7-7.2 3.6 0 6.7 2.9 6.7 7.2C196 77.1 192.9 80.1 189.3 80.1z"/>
  <path class="google_play_O font" d="M163.3 61c-6.6 0-11.9 5-11.9 11.9 0 6.8 5.4 11.9 11.9 11.9 6.6 0 11.9-5 11.9-11.9C175.2 66 169.9 61 163.3 61zM163.3 80.1c-3.6 0-6.7-3-6.7-7.2 0-4.3 3.1-7.2 6.7-7.2 3.6 0 6.7 2.9 6.7 7.2C170 77.1 166.9 80.1 163.3 80.1z"/>
  <path class="google_play_G font" d="M132.3 64.6v5h12.1c-0.4 2.8-1.3 4.9-2.7 6.4 -1.8 1.8-4.5 3.7-9.3 3.7 -7.4 0-13.2-6-13.2-13.4 0-7.4 5.8-13.4 13.2-13.4 4 0 6.9 1.6 9.1 3.6l3.6-3.6c-3-2.9-7-5.1-12.7-5.1 -10.2 0-18.7 8.3-18.7 18.5 0 10.2 8.6 18.5 18.7 18.5 5.5 0 9.6-1.8 12.9-5.2 3.3-3.3 4.4-8 4.4-11.8 0-1.2-0.1-2.3-0.3-3.2H132.3z"/>
  <path class="google_play_i font" d="M128.4 36.5V19.7h2.2v16.8H128.4z"/>
  <path class="google_play_aa font" d="M293.4 36.5l6-15.8c-0.6-0.5-0.9-1.1-0.9-1.9 0-0.7 0.2-1.3 0.7-1.7 0.5-0.5 1-0.7 1.7-0.7 0.7 0 1.2 0.2 1.7 0.7 0.5 0.5 0.7 1.1 0.7 1.7 0 0.7-0.3 1.4-0.9 1.9l6 15.8h-2.4l-1.6-4.5h-7.1l-1.6 4.5H293.4zM298.2 29.9h5.6l-2.7-7.6H301L298.2 29.9zM301 19.7c0.3 0 0.5-0.1 0.7-0.3 0.2-0.2 0.3-0.4 0.3-0.7 0-0.3-0.1-0.5-0.3-0.7 -0.2-0.2-0.4-0.3-0.7-0.3 -0.2 0-0.5 0.1-0.7 0.3 -0.2 0.2-0.3 0.4-0.3 0.7 0 0.2 0.1 0.5 0.2 0.6C300.5 19.6 300.7 19.7 301 19.7L301 19.7z"/>
  <path class="google_play_T font" d="M120.9 36.5h-2.2V21.8h-4.7v-2.1h11.5v2.1h-4.7V36.5z"/>
</svg>

                            </a>

                            <p class="terms-text">
                                2020 &copy; Kolonial.no AS. Alle rettigheter.
                            </p>

                            <ul class="list-unstyled hidden-print">
                                <li><a href="/betingelser/">Bruker- og salgsbetingelser</a></li>
                                <li><a href="/personvern/">Personvernerklæring og bruk av cookies</a></li>
                                
                                    <li><a href="javascript:window.Metomic('ConsentManager:show')">Administrer cookies</a></li>
                                
                            </ul>

                            <div class="social-media">
                                <a href="https://www.facebook.com/kolonial.no" target="_blank" rel="nofollow noopener noreferrer" class="facebook">
                                    <svg xmlns="http://www.w3.org/2000/svg" height="67" viewBox="0 0 67 67" width="67" class="social-media-logo facebook" aria-label="Facebook">
    <title>Facebook</title>
  <path d="M29.8 50.3h6.7V34h4.5l0.6-5.6h-5.1l0-2.8c0-1.5 0.1-2.3 2.2-2.3h2.8V17.7h-4.5c-5.4 0-7.3 2.7-7.3 7.3v3.4h-3.4v5.6h3.4V50.3zM34 64C17.4 64 4 50.6 4 34 4 17.4 17.4 4 34 4s30 13.4 30 30C64 50.6 50.6 64 34 64z" class="symbol"/>
</svg>

                                </a>
                                <a href="https://twitter.com/kolonialno" target="_blank" rel="nofollow noopener noreferrer" class="twitter">
                                    <svg xmlns="http://www.w3.org/2000/svg" height="67" viewBox="0 0 67 67" width="67" class="social-media-logo twitter" aria-label="Twitter">
    <title>Twitter</title>
  <path d="M38.2 22.3c-2.6 1-4.3 3.4-4.1 6.1l0.1 1 -1-0.1c-3.8-0.5-7.1-2.1-10-4.9l-1.4-1.4 -0.4 1c-0.8 2.3-0.3 4.7 1.3 6.3 0.8 0.9 0.6 1-0.8 0.5 -0.5-0.2-0.9-0.3-1-0.2 -0.1 0.1 0.4 2.1 0.8 2.8 0.5 1.1 1.7 2.1 2.9 2.7l1 0.5 -1.2 0c-1.2 0-1.2 0-1.1 0.5 0.4 1.4 2.1 2.8 3.9 3.5l1.3 0.4 -1.1 0.7c-1.7 1-3.6 1.5-5.6 1.6C20.8 43.3 20 43.3 20 43.4c0 0.2 2.6 1.4 4 1.9 4.5 1.4 9.8 0.8 13.7-1.6 2.8-1.7 5.7-5 7-8.2 0.7-1.7 1.4-4.9 1.4-6.4 0-1 0.1-1.1 1.2-2.3 0.7-0.7 1.3-1.4 1.5-1.6 0.2-0.4 0.2-0.4-0.9 0 -1.8 0.6-2 0.6-1.2-0.4 0.6-0.7 1.4-1.9 1.4-2.3 0-0.1-0.3 0-0.7 0.2 -0.4 0.2-1.2 0.5-1.8 0.7l-1.1 0.4 -1-0.7c-0.6-0.4-1.4-0.8-1.8-0.9C40.8 21.9 39.1 21.9 38.2 22.3zM34 64C17.4 64 4 50.6 4 34 4 17.4 17.4 4 34 4s30 13.4 30 30C64 50.6 50.6 64 34 64z" class="symbol"/>
</svg>

                                </a>
                                <a href="https://www.instagram.com/kolonial.no/" target="_blank" rel="nofollow noopener noreferrer" class="instagram">
                                    <svg xmlns="http://www.w3.org/2000/svg" height="67" viewBox="0 0 67 67" width="67" class="social-media-logo instagram" aria-label="Instagram">
    <title>Instagram</title>
  <path d="M43.3 26.6v0c0.5 0 1 0 1.5 0 0.6 0 1.2-0.6 1.2-1.2 0-1 0-1.9 0-2.9 0-0.7-0.5-1.2-1.2-1.2 -1 0-1.9 0-2.9 0 -0.7 0-1.2 0.6-1.2 1.2 0 1 0 1.9 0 2.9 0 0.1 0 0.3 0.1 0.4 0.2 0.5 0.6 0.8 1.2 0.8C42.3 26.6 42.8 26.6 43.3 26.6zM34 27.8c-3.4 0-6.1 2.7-6.2 6.1 0 3.5 2.7 6.2 6 6.3 3.5 0.1 6.2-2.7 6.3-6C40.3 30.7 37.5 27.8 34 27.8zM22 31.1v0.1c0 4.5 0 9 0 13.5 0 0.6 0.6 1.2 1.2 1.2 7.2 0 14.3 0 21.5 0 0.7 0 1.2-0.6 1.2-1.2 0-4.5 0-9 0-13.5v-0.1h-2.9c0.4 1.3 0.5 2.7 0.4 4 -0.2 1.4-0.6 2.6-1.3 3.8s-1.6 2.1-2.8 2.9c-2.9 2-6.8 2.2-9.9 0.4 -1.6-0.9-2.8-2.1-3.7-3.7 -1.3-2.4-1.5-4.9-0.7-7.5C24 31.1 23 31.1 22 31.1zM46.2 49.3c0.2 0 0.3 0 0.5-0.1 1.2-0.3 2.3-1.3 2.5-2.6 0-0.1 0-0.3 0.1-0.4V21.8c0-0.1 0-0.3-0.1-0.4 -0.3-1.4-1.4-2.4-2.8-2.6 -0.1 0-0.1 0-0.2 0H21.8c-0.1 0-0.3 0-0.4 0.1 -1.4 0.3-2.4 1.4-2.5 2.8 0 0.1 0 0.1 0 0.2V46.2c0 0.2 0.1 0.3 0.1 0.5 0.3 1.3 1.4 2.3 2.8 2.5 0.1 0 0.1 0 0.2 0H46.2zM34 64C17.4 64 4 50.6 4 34 4 17.4 17.4 4 34 4s30 13.4 30 30C64 50.6 50.6 64 34 64z" class="symbol"/>
</svg>

                                </a>
                            </div>

                            <a href="https://www.tryggehandel.no/butikker/kolonial-no/" target="_blank" rel="nofollow noopener noreferrer" style="text-decoration: none;">
                                <svg class="trygg-ehandel" xmlns="http://www.w3.org/2000/svg" xmlns:xlink="http://www.w3.org/1999/xlink" viewBox="0 0 261 261" aria-label="Trygg E-handel">
  <title>Trygg E-handel</title>
  <defs>
    <style>
      .cls-1 {
        fill: url(#linear-gradient);
      }

      .cls-2 {
        fill: url(#linear-gradient-2);
      }

      .cls-3 {
        fill: url(#radial-gradient);
      }

      .cls-4 {
        fill: url(#linear-gradient-3);
      }

      .cls-5 {
        fill: #fff;
      }

      .cls-6 {
        fill: #b4cd47;
      }

      .cls-7 {
        isolation: isolate;
      }

      .cls-8 {
        fill: #576672;
      }

      .cls-9 {
        fill: url(#linear-gradient-4);
      }

      .cls-10 {
        fill: #956e38;
      }

      .cls-11 {
        fill: #f1e7dc;
      }
    </style>
    <linearGradient id="linear-gradient" x1="74.83" y1="72.53" x2="191.37" y2="189.07" gradientTransform="matrix(1, 0, 0, -1, 0, 262)" gradientUnits="userSpaceOnUse">
      <stop offset="0" stop-color="#4980bd"/>
      <stop offset="1" stop-color="#2b4994"/>
    </linearGradient>
    <linearGradient id="linear-gradient-2" y1="131.5" x2="261" y2="131.5" gradientTransform="matrix(1, 0, 0, -1, 0, 262)" gradientUnits="userSpaceOnUse">
      <stop offset="0" stop-color="#e8d4ab"/>
      <stop offset="1" stop-color="#c79d5f"/>
    </linearGradient>
    <radialGradient id="radial-gradient" cx="130.5" cy="131.5" r="130.5" gradientTransform="matrix(1, 0, 0, -1, 0, 262)" gradientUnits="userSpaceOnUse">
      <stop offset="0.79" stop-color="#4980bd"/>
      <stop offset="0.81" stop-color="#487fbd"/>
      <stop offset="1" stop-color="#4678bb"/>
    </radialGradient>
    <linearGradient id="linear-gradient-3" x1="50.7" y1="130.7" x2="215.5" y2="130.7" xlink:href="#linear-gradient-2"/>
    <linearGradient id="linear-gradient-4" x1="90.8" y1="106.95" x2="174.3" y2="106.95" gradientTransform="matrix(1, 0, 0, -1, 0, 262)" gradientUnits="userSpaceOnUse">
      <stop offset="0.16" stop-color="#e6d2a7"/>
      <stop offset="0.19" stop-color="#e4cfa2"/>
      <stop offset="0.4" stop-color="#d7b985"/>
      <stop offset="0.61" stop-color="#cea970"/>
      <stop offset="0.81" stop-color="#c9a063"/>
      <stop offset="1" stop-color="#c79d5f"/>
    </linearGradient>
  </defs>
  <circle class="cls-1" cx="133.1" cy="131.2" r="82.4"/>
  <path class="cls-2" d="M130.5,3a127.42,127.42,0,0,1,90.1,217.5,127.47,127.47,0,0,1-180.2,0A127.4,127.4,0,0,1,130.5,3m0-3A130.5,130.5,0,1,0,261,130.5,130.47,130.47,0,0,0,130.5,0Z"/>
  <path class="cls-3" d="M130.5,0A130.5,130.5,0,1,0,261,130.5,130.47,130.47,0,0,0,130.5,0Zm2.6,213.6a82.4,82.4,0,1,1,82.4-82.4A82.41,82.41,0,0,1,133.1,213.6Z"/>
  <path class="cls-4" d="M133.1,52.9a78.4,78.4,0,1,1-78.4,78.4,78.46,78.46,0,0,1,78.4-78.4m0-4a82.4,82.4,0,1,0,82.4,82.4,82.41,82.41,0,0,0-82.4-82.4Z"/>
  <g>
    <polygon class="cls-5" points="90.2 25.7 88.2 20.2 68.5 27.6 70.3 33.2 77.3 30.5 84.9 52.3 90.8 50.1 83.2 28.3 90.2 25.7"/>
    <path class="cls-5" d="M116.7,23.8c-1-6.1-4.8-8.3-11.6-7.2l-10,1.7L99.7,47l6.2-1.1-1.7-10.7,3.9-.7,6.5,9.9,7.2-1.2-8.3-10.9C116.2,30.9,117.4,27.8,116.7,23.8Zm-9.5,6-3.8.7-1.3-7.8L106,22c2.7-.5,3.9.3,4.3,3.2C110.9,28.3,109.9,29.3,107.2,29.8Z"/>
    <polygon class="cls-5" points="134.3 25.6 133.1 28.5 133 28.5 131.9 25.6 127.4 14.5 120.4 14.3 129.7 34.3 129.5 43.6 135.9 43.7 136 34.5 145.8 14.9 138.9 14.7 134.3 25.6"/>
    <path class="cls-5" d="M147.4,29.9c-1.9,9.7.8,15.5,10,17.6a20.51,20.51,0,0,0,8.5.2l2.8-14.2-5.4-1.2L161.4,42a8.06,8.06,0,0,1-3-.3c-4.8-1-6-3.4-4.6-10.5s3.4-8.7,8.8-7.5a20.24,20.24,0,0,1,6.4,2.7l1.7-5.4a20.69,20.69,0,0,0-7.3-2.9C154.2,16,149.3,19.9,147.4,29.9Z"/>
    <path class="cls-5" d="M189.3,33.1a21.1,21.1,0,0,1,5.8,3.9l2.6-5a23.53,23.53,0,0,0-6.6-4.3c-8.7-3.8-14.2-.9-17.9,8.4s-2.1,15.4,6.7,19.2a21,21,0,0,0,8.3,1.9l5.3-13.4-5.1-2.3-3.6,9.1a8.76,8.76,0,0,1-2.9-.9c-4.5-2-5.2-4.5-2.6-11.2C181.9,32,184.2,30.8,189.3,33.1Z"/>
  </g>
  <g>
    <polygon class="cls-5" points="66.1 202.5 74.7 209.1 77.4 204.9 64.4 194.9 50.6 216.1 64 226.4 66.8 222.3 57.8 215.3 60.9 210.5 68.2 216.1 70.6 212.3 63.3 206.7 66.1 202.5"/>
    <polygon class="cls-5" points="73.7 216.4 72.1 219.8 80.2 224.4 81.9 221 73.7 216.4"/>
    <polygon class="cls-5" points="102.3 216.5 99.3 226 91.3 223.1 94.3 213.5 89.2 211.6 81.5 236.2 86.7 238.1 89.8 228.1 97.8 231 94.7 241.1 99.8 243 107.4 218.4 102.3 216.5"/>
    <path class="cls-5" d="M116.1,219.9,105,244.5l5.7.8,1.9-4.8,8.7,1.2.8,5.2,6,.8-5.4-27Zm-1.7,15.9,3.4-8.5,1-2.6h.1l.3,2.8,1.3,9.2Z"/>
    <polygon class="cls-5" points="145.9 220.7 146.9 233.6 147.2 236.4 147.2 236.4 145.5 234.2 136 221.5 131.4 221.9 133.4 247.8 138.2 247.4 137.1 233.8 136.9 231 136.9 231 138.6 233.2 149 246.5 152.7 246.2 150.7 220.3 145.9 220.7"/>
    <polygon class="cls-5" points="187.5 229.5 185.1 224.2 193 220 191.1 215.8 183.2 220 181 215.4 190.5 210.4 188.3 205.8 174.1 213.3 184.8 236.7 199.4 229 197.4 224.3 187.5 229.5"/>
    <polygon class="cls-5" points="213.9 211.8 205.9 218 194.7 201 190.3 204.4 204.3 225.7 216.7 216.2 213.9 211.8"/>
    <path class="cls-5" d="M162,217.3l-8.7,2.6,6.6,25.1,8.7-2.6c6.8-2,9.4-6.6,7-15.7C173.4,218,169.4,215.1,162,217.3Zm5.3,20.1-3.4,1-3.9-15,3.4-1c3.7-1.1,5.4-.1,6.9,5.9C171.9,234.7,170.8,236.3,167.3,237.4Z"/>
  </g>
  <g>
    <polygon class="cls-5" points="33.8 151.1 33.1 151.2 43.3 141.2 43.1 139.8 28.3 142.6 28.6 144.3 39.4 142.2 40 142.1 30 151.8 30.3 153.4 45.1 150.7 44.8 149 33.8 151.1"/>
    <path class="cls-5" d="M29.3,136.4c1.1.8,2.9,1.2,5.3,1.2h.6c5.5-.1,7.7-1.9,7.6-6.2-.1-2.2-.7-3.7-2-4.6s-3.1-1.3-6-1.2-4.7.5-5.9,1.5-1.8,2.5-1.7,4.7S28,135.5,29.3,136.4Zm5.7-9c2.4-.1,3.9.2,4.8.9s1.2,1.6,1.3,3.2c.1,2.8-.8,4.2-5.9,4.4s-6-1.3-6.1-4C29.1,129,30,127.6,35,127.4Z"/>
    <path class="cls-5" d="M46.4,101.1l-7.2-2-.4,1.6,6,1.6a7.06,7.06,0,0,1-.3,2.8c-.5,1.7-1.2,2.7-2.2,3.1s-2.6.4-4.8-.2-3.6-1.4-4.3-2.4a4.4,4.4,0,0,1-.2-3.8,7.08,7.08,0,0,1,1.6-3.1l.2-.3-1.6-.7-.1.2a9.53,9.53,0,0,0-1.7,3.5c-.6,2.2-.5,4,.5,5.3s2.7,2.4,5.3,3.1a11.79,11.79,0,0,0,3.5.5c3,0,4.8-1.6,5.7-4.9a10.79,10.79,0,0,0,.3-4.3Z"/>
    <polygon class="cls-5" points="50.2 89.6 47.1 96.7 42.2 94.6 44.7 88.7 43.2 88.1 40.7 93.9 36.5 92.1 39.4 85.3 37.8 84.7 34.2 93.1 48 99 51.7 90.3 50.2 89.6"/>
    <path class="cls-5" d="M43,121.2l-6.5-.8.4-2.9,6.9-2.9.3-2.2-7.3,3.2c-.1-1.9-1.4-3.1-3.6-3.4a3.71,3.71,0,0,0-3.2.7,4.88,4.88,0,0,0-1.5,3.3l-.6,4.9L42.8,123Zm-7.7-4-.4,3-5.2-.7.4-3.1a3.11,3.11,0,0,1,.8-2,2.42,2.42,0,0,1,2-.4C34.9,114.3,35.5,115.2,35.3,117.2Z"/>
  </g>
  <path class="cls-6" d="M233.3,104.8c.2.2.5.1.7,0a3.69,3.69,0,0,1,2.9-.4,5.66,5.66,0,0,0,1.8.3c.2-.1.4.1.5.3.4.7,1.2,1.3.6,2.3-.1.2,0,.3.2.4s.5.1.8.2.4.1.7.1c1,.8,1,1.7-.1,2.2a29.62,29.62,0,0,1-3.1,1.5,19.62,19.62,0,0,0-4.5,3,1.79,1.79,0,0,1-.7.5c-2.1,1.6-4.1,3.4-6.1,5.2a28.48,28.48,0,0,0-2.3,2.6,5.5,5.5,0,0,0-.7.9c-2.1,2.4-4.2,4.9-6.2,7.3-1.1,1.3-2.2,2.7-3.2,4.1-1.6,2.1-2.9,4.4-4.5,6.5a1.59,1.59,0,0,0-.4,1.2,2.34,2.34,0,0,1-.2,1.2c-.2.3-.6.4-.9.6s-.5.4-.1.7.4.7-.1.9a1.16,1.16,0,0,0-.7.5,1.86,1.86,0,0,1-1.5.9c-.6,0-.9.6-1.1,1.2-.3,1-.8,1.4-1.9,1a.76.76,0,0,1-.4-.2,1.35,1.35,0,0,1-.9-.5,15.38,15.38,0,0,0-1.2-1.3,22.09,22.09,0,0,1-4.5-5.5,29.72,29.72,0,0,0-3.8-4.8l-6-6.6c-.3-.4-.5-.7-.2-1.2a19.48,19.48,0,0,1,4.2-3.9c.2-.1.3-.4.4-.6.1-.6.5-.7,1-.6a4.71,4.71,0,0,1,1.5.6,38.45,38.45,0,0,1,5.2,3.8c1.4,1.3,2.8,2.5,4.1,3.8.8.7.9.7,1.6-.1,1.5-1.8,2.9-3.8,4.3-5.6a10.48,10.48,0,0,1,2-2.2c1-1.3,2.4-2.4,3.4-3.7,2.3-2.2,4.3-4.6,6.6-6.8.7-.6,1.4-1.3,2.1-1.8,1.1-.8,2.2-1.8,3.3-2.7.5-.9,1.4-1.2,2.1-1.8s1.7-1.2,2.4-1.8a5.55,5.55,0,0,1,.8-.6,9.13,9.13,0,0,1,1.3-.8C232.6,104.6,232.9,104.4,233.3,104.8Z"/>
  <path class="cls-5" d="M164.9,127.9l-3.5-.3c.1-1.2.1-24.1.1-26.1a29,29,0,1,0-58,0v2.3h.1v7.8h0v16.2h-3.5v-17c0-2.6-.1-9.2-.1-9.3,0-18.1,14.6-32.9,32.5-32.9S165,83.4,165,101.5C165.1,101.7,165.1,126.7,164.9,127.9Z"/>
  <image class="cls-7" width="271" height="267" transform="translate(100.55 69.06) scale(0.24 0.24)" xlink:href="data:image/png;base64,iVBORw0KGgoAAAANSUhEUgAAARIAAAEOCAYAAABFI5jDAAAACXBIWXMAAC6ZAAAumQHd3klXAAAgAElEQVR4Xu2d53obR7KGzwWcH+ci9gJ8CbikvYEVcwCYA5gDGMGcSQWGpmSvvbuWxPXaktertS3JsixZsumc7Tr91cyApAByMAOQBIdfPc/7yJaaGCjwRXV3dfX/iMj/kGgzc/X1lvSqMWML183kypaZWLphRuc2zPD0shlML5qJ5S2TXt3RH8cXr5vR+asmNbuW+fWBiTn7ddvGvk4hvOb3PsnFxXcAuThAGJNWCBDB0NSyFcammYQclm7s25+T4ekVGZpaktTMaua/Bybm9Uf97/E56RudkZ6RKekenpCuwTFJDoxKZ19KeoYnpc/+fK+Slp6Uw2B6wb7W8hGspGRs4ZqML94QKyCZWjOW3T37TCuleZUWBRMtfAeQ0gTSmF6/qRnEiM0ukEGMzK7vQxJDaUcQNptQOeAbHkJo6+6Xls4eae3qk9Zkr7R09Ehze5c0tSelsa1TGlraJdHcJommVok3Nku8oUnqE41SF2/Q/080t+qvNyit+iO+rqktqa/RbH9s6ejW125N9kmbfU6yf8QKaVy6LX1jM9Jv3w+k5UnHvs+9/vFZFd70xi0PyuWC4TuAnD8qDfsNll7bNcg4Juw0Y2Jla39ieVM/+fGNiYyhy8oi2Z+y38COMPAN3gg5NLVIvZUChFBTXy+19Qmlpj4uNXX1DrWgTqmsrpKKykqpqKiQ8vJyKSsrk6qqaqmuqZVq++vV7jj9mrqj1NbF3deP639DRonGFpVTY2uHNFvR4L219wxqpoPMB4KB/JAlaaaUXtwbnFzQadWh7IVyKWF8B5CzB+J4ZX1hf3JlS5zpiX6Ka5aBqUd796A0d3Y7WYSbQeg38iE5VFZXqxjKrRggBQjCoVLKysuU8kOUlV2RK+DKX5SKinL358sy4w++ptzF+fVy97W9MZVVVVJVXePKxxWNxctykAU1tzuZTEfPkCQHR1Uu/VYuVib6e0aW5WUuI3PrZmp9l2IpMXwHkNMH4sACqLcQOrZwfR/rDPh0xqc1so1OzTT6dCqCT3aIo76h2X5DJvQbs7qmTr9pKyptFvHqN76VQm1traRSwzI3NysLCwuyubkpf/3rX+XOnTvy1ltvKv/4xz/k7t278u6778oHH3wgH374oXz88Ufy8OHH9keHBw8eyH/+8x/517/+JXt7e/o1eJ3d3V15++239eeuXt3QZ4C2trYjmU2ZK58jgnEzGUgwjuzFTpma7JTJm4bhx47eIekdnVK54M/FZit7E+50aGrjJuRCsZwjvgPI6XB4J8VKY18XPLGmYbON7qFx/XTGGoYjDJtlxJ3pgjMNsdOL6lr7zVjtyMP9Rr1y5YrU19epMGZmZuTNN9/Ub2x84z969Eg+//xz+fLLL2V/f1++/fZb+eGHH+Tnn3+WH3/8Ufnpp5/0/3/99Vf5/fff5Y8//pBXAz8HMOaXX37Rr8HrfP/99/rf+LlvvvlGnwE+/fRT+eijj1ROeC8bGxtWZnPS0tKimY6X2SA7wu8F2ROmUCoXTI+8KZLNXjBV03WXgRGbuYxZqSxqhmanP2L/PPe4gHt++A4gxQPymFozupuCrGNkdl3l0T08np1tuFMUZBqYlhx8mpdlso1EIiHp9KS88cYbmkm8//77GWF88cUXKgd8Y+cSwlmHJx5IBjJ78uSJ/Pe//9XM5tatm/b3kXbkUllxaLrkZFYQjJe51CXslKipRRd+m9zFXSwkI1MZX7yuu0RWLHuY/nDh9uzwHUAKBwJBTYaduuyn14zO+XUnpX/Epu29uhiKjCOTbdTUOOsaVZU6TSmzmUa8vl4mJyfEmB25ffu2ZhmPHz+Wly9fZjILZBEXKbzMBtkMfh+QC6ZSyF4wTVpdXZX5+XlpaGjISLTSSrUKWYs3JbKy9bIV3aa2f66Y+ozMrjlrK5PzOgWaWr9JoZwivgNIOLypy/DMqrH/sPd1gXR4UrdBsavS0NKm3wAQyJGso+wg25i02QbEce/ee5pp4Jvtu+++U2mUQpZxWgG5YJr01Vdf6fQIazPIXDAt6upKShUE66654EdvKlSfaNJsThdue4dVLL2pKSuUFbEC59TnFPEdQIKhAsH0ZXlrf1S3Zpd1zQOLhhAHdit0rePwbkpZua4XjI6O6KKnN0XxxPHbb7/JZQ4vc8G06LPPnsqHH/5X11swnevoaD+UrVSpVJCl1MWd+hcs2mKhFiJP2SxlcnVbbHayx2lPcfEdQPIDAhlf0vLyffyD1doOm2ajCAzFW1rDYeVRpfKo0m1SbLF2d3fJ5uYN3SV58eKFrmtctCnKWQfEgvUWZGZPnz7VqdD09LTuTGEqiOlPZZW3aBuXukSjTn0cocw5U5+5dUx/9kbnN/B3RqEUiO8Acjxakr7inE+ZWLqxP7ZwVbdrO3oHtfAKaXatK5BKb73DymN0bMxmHm/pOsdnn32mOyiUR/hAtoLFZWRxt+/clqWlJYkn4k6mYoVdVVOTEQoWszG1RK0KpKKFcFPLeyN2CoqFcE57wuE7gGTjlaenV83+yNyG/mNEARUWT/EPVXdc7Jwdn4peXQemLmNjo5qSY1cFmUeU1znOK5CleOsq169fl6amRmf3p8KpXYHUIRTs+rR29mpRX//YrK6jjC/dkPTK9h7+bjntCYbvAHKAdyhOD8GhYMxb/0j2aYUm/oHW1NVpOblWjdrsY3BwQHZv7mr2gakLUnLG6QckjTUV7ARh6jM+PiY1NdU2S3GEgmkPppvYMcO2e2fvsPSPz+pOD44d2OnPHk48Uyj54TuAeNu3K2ZgfG4fp12xcIdPMlRcJtz1j+paJwNxdhOuSG9vj7zxxutakIXtTU5dzi8w9YHE7927pzs/DQ0JnfZgodtZnI3rWSRkkygE1CxlfE4/KLh9nB++Ay4zEEgqs327oFMXnGzFwh12YLDliApTnb6UOTsHmL6gBgICQX0Hpy+lE97OjzftaWx0pj2oDPamPZiW4pBhs24hO2X5KHI7VDlLoeTAd8BlBRKxKe6+cyR/Tk+rat2HW6aOTzI9nGazj0QirudK7t+/p598P//8EwVSwuFNez755BMr/X9If3+f7vSoVLwsBYuz9c72MdZQJpe3ZELZtFOeLcrkFXwHXDZUIPNX0eNjH9uEKCJrTfZo6otPLOdci1OujuwDdR+oxsQC3wWs9/izJVZk9uQCBQrfnj17povgutsTr3cL3cp0qx5CwZQHxW2Y7uAU9szVW8xOXsF3wGXCqUbd0YVUdAJDFoLmPag+1foPNwMZHfV2X55fhN2Xk2Txf5LHn0tAXjvheSUrGW+3BwcMr127plmmJxOd8jQ066Is/l2M4UyPzU7GF6/v2ayVMhGKRJk56P+xjzMa3UMT9lOo09mFQQ1IZZUVSLmkUimtpnz+/Hkp7r4cJ4zTkEVYjpNMyQjGm/Z46yg45+OV4WNai9qgDt3hmVOZTG8wOwG+A6KMU1C2bbAWgm0/fNqgWAn/WGpq404diNuoB59SWEDFJ1eJxKviKCVhBOVVwZy7WDyh4LhCMpl0eqi4JfiY5qK1ZE9qUlBHhLWT9Orlrj/xHRBV9Ej/+s19fKpgO7ejb1inMc5Wbp2WsWMag4W4f/5zT/9RnfMWbpTE4UfJiAU7PSjDxzEGbBtDKF6lLBbfcYYKGWxqekUmljZlen3XZiiXTya+A6LGkWnM3LoupjZrA6EWtxq1SouWenp75PU3XteCpnOaxlwmcfhx7mLBMQZkJ1NTafvvpFYLDr2itobmdq0/GZpc1GI2m6HsTV2y7MR3QFSwf6k5pzE4zo/Tomj7V+EepMNWLubI51AHclgel1kcfhwWy5lJxTnT81L+/ve/S0tLs57j0foTtDCw051Mk6X0ovaaHV/avDRC8R0QBZCF4Fi/9vqcXNC/bGzpeSdynV4gV/QYP3Zj0MHrDLdyKY/COHOpYKcO/WwXFxe1tSWEgmZUWIxFA24Us+F+IMhkan1XF2SjXhnrO+CiA4mMzm9oYZlX1o4Gw/gUQQcy7MZgq8/s7OhJ3DOcxngCoTyKhyeVUxcK1suwXby3d1ePQ6DZUoUKxU53bIbr1J4Mo8Ree8paoeyl10xkZeI74CLjHvPfR4NgdCbDwTp8amhV6qEs5P79+9pA6AymMcw+zoYzy1Kwi4eCNnTlR1c7FLNhdweZLhZj0Y8Gi/mQSXrV4CBgJGXiO+Ci4mQiVzUTwZkJ3dJFFqKl0KhKdXqCIAvB3PeUg9nH+XEmWYq3GLu+vuYUs1WUu4uxTlMlLbNf3ca5nb2J5c3IycR3wEXDPSODe072cSy8rXtAd2RqvB0Z+4mBrTwI5AyqUimQ0uHUhYIPpK+//lqF0t7R7mwVV9domT3O7GhV7MI1bfUYtSI23wEXCV1UXdrcH51b18pDrIfUa3VqfWYqc/36NV1MpUAuLWciFPSfaW8/KpPGFufMDv59YqqDRdjpiMjEd8BFQQvMVs0+jO/UhnRpiXule0amvr5ednZ2VCKnWFhGgVwcTlUonkyGhgalChd/uesmyI4x1UZf3/HFGzI2f3VvdG7jwsvEd8BFABIZX7zuLKrinIw1PxZVneKyMunv79frDE5xQZUCubicmlAgE5zLwkIsqmK1RYH2PGnSA6GYeuMi+NGFa3tWLBdaJr4DShn3tK7eWodFVdyPiypDpJHeegh2ZXCj2ylt61Ig0eHUhIKFWGTDKhN3ixhT7pbOblcmF//wn++AUmXGacC8n17Z1iKzdiyqNrceLKqWX5GlpUVtXnNKuzKQCAUSPfCNfCoyQUVsc3OzW8BW6967k9S+v6i2xlkdvXPnAsrEd0Ap4i2qovM3TmDC7EgXMQd17jWpkK2tTXnx8oX8/nvRK1SZhUSfU8lOfvzxB/n3v/8tya6kM82pdqph8QGIQ6Morcf9xdNrN/dmNi6WTHwHlBqZcvepZa1URd8Q/GVgZRwr5O0dbdo+D6d1i7weQoFcPoouFGTHyJKXl527d9DiEbuKaJyEdRMUrzlbxLsXKjPxHVBKQCIjc+v7MDf+0L36EN3aLXeqVHFjHdrnFTk4jbncFHW6gw84lNejo308Hnf7xKILW6PuNuKSNZXJ2u6FyUx8B5QKWqk6t6Hd3FF2jPLjavfAHU7sptNpefjwYbHXQ5iFEI+iZye4JP2dd96RtrZWbV2BPifeuklbss+Z5qzf3LNCKXmZ+A4oBbxy98H0kmYi9UdaIF7RStVnz58V+8QusxCSi6JmJzirg7NebW1tusuIKTqybFyJ0Tc67Rz4WzN79seSlonvgPNmxrsWYmpZe2XqfTLuoqp3XgZpYhHXQ5iFED+Kmp2gNAH3FqdSw3qK2Ote712F4Rz42ynpA3++A84Tr9AsNb2qpcWwtJa7V1TotQHvvvuvYjcfYhZCglC07AT/hnH+C+t8jkxqtOFWS7JX71XKHPhbKs0Df74Dzgtni/dGpqu7XgtR5yxM4UJuZCKQSBGDEiFhKKpMHj78WLq7uzJndNB5DZ38sJujN/45hWslJxPfAefB4cN3ODfjlLwndKsMayLXrl2Vr7/+SooUnMqQQinaVAebBQ8ePJAO9/Sw17UeMsGHqh72w+nhEmvf6DvgrPGaEY3NX7XzwxldwcYFVU7J+xXt9/BSC82KcvCOWQgpJkXJTrwDf5BJpXuFKGTS0TOoh/2QmUyV2Mlh3wFnDc4boFR44FAbgKqqal3RXl1dlc8//5wSIaVM0WSCkvqmpqbMfcRoEYoiTGQmqDMZW7geE//3cyb4DjhL3Ksi9ABea7JX99TRBgAneHFNJq6GoETIBaAoMvn+++/FGJM57IfrUtAuFM3Lh6dWJDWztpeaWS2JrMR3wFmhOzRLN/SqCNSKoEWdl4lAIrgeokjFZpQIOQuKIpMjJ4dRTu82SOodSeshv9G5jb3h6ZVzl4nvgLPAW1wdmnIKztDSH6kcFps6Ozt1vkiJkAtIURZhIRNM6+vqat1t4bg0dXRl+plMl8BOju+A0yZbIs1SU1MnFVYiHe3tcu/evWLct8udGXKeFJydoOgSMsHZHJVJPCHN7V3aQsNm8jKt53LObyfHd8Bp4pzk3dSqVcz7cAhPz8/Y+WDC/oHhsqoiHMBjFkJKgaLIZHx8XKqrqzOZCWSCzOS8Twz7DjgtDp/kxUo0Cs609N1mIig4+9vfilJwRomQUqJgmXz66acyPDysfWCdQ34JrTFBs/NMQ+lzyEx8B5wW2OZFj1VkIliJPuj0/hdtSoR+IgUGJUJKkYJkgl1LXBfa0dHhnBhG9WuiMVP9CpnY762Y+L+PouI74DSYca/RROm7FpzVx4/cOVOEQ3iUCCllCpIJNh707pz2tkwPWNSY4A6nscVrkl47++tBfQcUm8xp3vSSWlRrRaqcWhF026ZEyCWhIJngxDCaeEEm2gO2tk6XB7zWA2d9PajvgGKDKc3I3Lo2vIVFq911kZGRlDx9+rRQiSBiksf7IKQEMFJAIDO5efOmJBoSWnOF82ityT7ngN/qNtZLYuL/HoqC74Bi4lWuYpW5sa1Ti2sqKiq1JcD9+/eKUSvCbIRcJArKShCoMZmYmMi0HkDvV2T6o3MbuObizNoO+A4oFged31d1LofKVe80740bN/QPpMCgRMhFpGCZoOq7s7MjcwEXpji4Z/gs2w74DigWmNKMLVzX3iJevUh5eYWWvz99+mmhZ2goEXKRKUgm3hQHZfToroZ1x7auPj3chzJ6S0z830NB+A4oBt6UBlV4uD5CL7GqrJK6ujqtXC1wSkOJkChQkEyypzhNknRPCo+ewf3CvgMKxekvsr2PPgq4DQ973t5W787Ott7HW0BQIiRKFCSTI1Ocmlqtz8IU5yzO4/gOKBRMaSaXt7TTWUKrV+t1lwZTGvSoLGCXhhIhUSS0TF6d4ugujp3iDE+vCBqFWWLi//xQ+A4ohMwuzdisNLV26C4NakYSiYS24C9wShOTPN4DIRcQIyHDm+JU11RbnKpXNE5H3ZYVyqm1HPAdEJYjuzQoPEPPVbfwzJgdTmkIOZ7QWQnCm+JkCtUwxUmhf8mNU5vi+A4IC6Y0kEiyf8TZpamp45SGkPwJLZPMFKexwTkljDty2pPacgBrlamZtZj4Pz8QvgPC4E1psNDTaKc0eo2EtWNra4t88MG/C5nSUCLkMhFaJpji4LYFLCNg4bUu0SDtPQN6Shj34xQ7K/EdEBSbOrVMLG9lpjS19e5ZmrIr1pK72oeygIhJHu+BkAhhJGSg5UBXVzJzrQUK1XrsFGds4arbu6R47QZ8BwTFm9Lgom8s9HgtEycnJ+TZs2ec0hASjNBZCTJ/715hHEVBvx9cA+od7CtmuwHfAUE4aA8wLommVveOXqd69eHDh5zSEBKO0DLBKWE0j04k4nqwz6l67Zfxxesytba7ZylKVuI7IAiZbETbAxxcaoWWifgNhQxKhJACZILWHL29PYemOK0HWUmRTgj7DsgXr89IT2ryIBspr9C2cM+fP5cCIiZ5PJ+QS4CREIHlhFu3bunCK7KS+oSTlaBIzcqkKH1LfAfki9NnZENXhrFCXFHpZCN37twupAs8sxFCDig4K/FOCKMzYd/YjJ4QLkbfEt8B+TDjXm6FdAlvEIfyvJoRZCMFLLDGJI/nE3KJMBIivKzEK5+PNzZrv2R0n5/euFnwdrDvgHxwWgRck47eIfdQXrVcucK1EUJOgYKzEq/iFVdZpKZXitJqwHeAH1oKv7ylF1y1dHRrNuLd1YsLv0MGJULI8YSSSSYr0YpXJyvxLiXHDk4hWYnvAD+QjeCmLzQswlWb2KlBNvLPfxaUjcQkj2cTcokxEiJwzUtfX6+U2w97fOi3dvYKLqjDjGJs8XpM/J+bE98BJ+H0GtnZxzHl1mSvlsJ7ayPMRgg5VUJlJQhnB8e5+jPe1CI9uJC8wJ4lvgNO4nCvEXSE93qwvvvuvwopPotJHs8mhBSalZQ7WUmy8J4lvgOOA9nI1JrRMzV4I4ezkRcvXkjIYDZCSP4UmJUknKzEJgGo/8Kia9isxHfAcSAbSa8aPQSERRu8IbRPfOedd7g2QsjZYSREfP3111lZCZofTa3thjqD4zsgF8hGptdvah9W54Svk428/vqtQk73MhshJDihspIj1a42CdCy+ZFp9wzOzb3pjWBZie+AXFAkhJQMF1okxopE27cl7PwKZbfY8sVdpAXcTxOTPJ5NCMnCSIhwCtR69fwN+inj4jpc9xmmxYDvgFzMuPf3OtlIQkXSa+dbuLs3ZDAbISQ8BWUlDQ0NblbiND5Ccenw9HJM/J+bwXfAq2jPkTmn5wgWWb1erG+88Yb88MMPEjICvWlCSBZGQgT6J3d1dTmXkLu9StAidXzpxt7U+s28pze+A17F6zmC+zLQJAWdl0ZGUpqNhDycx2yEkMIJlZWg3iudTmdu6GtoapXu4Qnn3uAA0xvfAa8Ckdi0R5o7ujKLrHNzs/Lll19KyMj7zRJCTsRIiHjzzTedU8HoVdLQJJhtnKpItHnR4vV9zKNwxURlpufInbA9R5iNEFI8QmUlaPXR3d2lPYTQkAzHXUbnr2q3+YnlrbymN74DDoNsZHQezYsGtV2ALrL29hYyrYlJHs8lhOSNkYDx22+/yfLystTW1uipYHQ47B2ddpse3YyJ/zODiyQ1s2KnNd26XYRpzbVr17R2P0QwGyGk+ITKSu7du6f3ToWd3vgO8HD6jmxqFzRMa7yS+Pfff1+NFiLyeoOEkMAYCRg//vijDAz0a3KAtc+2rj7tUzK9nl/3NL83lMHpO3JdOvtTUhtPSHlFwQf0YpLHcwkhgTESIra2tiQed9oL4IbMofSijC9cR7VrTHye6feGMnjbvi2dPZkuaG+99ZaaLERwWkPI6RFqevP48WNJJjt1eoMaMWyqoE/J1NpuTHye6feGFExr0qs7+95JX9zjG4/Xy0cffcRFVkJKEyMBA6f2p6bSUmsTBUxvOnoHBclDPm0Y/d6Mog2MVrYl2T8idfFGndaMjIyE7YLGbISQ0ydUVoKaksYm56pdXO85MDEnI7PrMjq3EZMTnuf3ZhQ9WzO75rRTdIvQdna25bvvvst+J/5x4hsihBQNIwEjUzKP5tANTdr9cGLphqRXTUxOeJbfG9FpjWUf9ffYX3Z2a67odhF3awgpaYwEjJ9++kl3b/TsjZ3itHX3a8MjK5ITpzd+b8QpQpvbkM6+YanTO2uqtHHso0ePcr0Pv+C0hpCzI/D0BmueqA3T3RvcE9zSrof4/FoL+L0RFQleCPMl7wa9yclJefnyZa734RfHvhFCyKlgJGC8/fbb0tzstE+td6c3fq0FTnwTerZm/up+18CoviAWYArc9j32jRBCTgUjAePJkyfS1ZV0pjf1Cb2GF7s3JxWnnfgmvLM1uCMUZ2tw1R86oT148CDMti+nNYScPYGnN9gGHhwc0NmH7t60dsro3LqkV7ZRNh+THM858U1AJLjror13UHuPYNt3aGhQTwuGiJxvgBBy6hgJGJl+rlXOIb4+7xDfeu5DfCe+Aa+aFYf0cG8NCtF2dna47UvIxcJIwHj//fvS1taa9yG+Yx8+416ANTA+ryu3uL0cqc6dO7fD9h7J+QYIIaeOkYCBYlP0KHHWSeLS0XNyleuxD59xL8BC27X6RFOmfuTBg/9wfYSQi0XgdRK0YMysk9TWSoudlfSPz6GeJGdWcuzDtZp1buPgcvDCTvtmPZgQcqYYCRjb21t6pq6qpkYSzW0n1pMc++DM+kh7l1s/UiZ//WvoTvFZDyaEnClGAkZmG7jaf53k2AdDJAM2lcGKrbc+cvs210cIuaAYCRjOBVo9uk5SF09oGQhu4st17ubYB0MkfaMz2jag0r4QuqG99957Yc7XcH2EkPMn8DqJd+4GvZkxK+noHRZcjDexdCMmr7x+zofqjs2q2e8emnD6j1Q53eI//PDDMAutWQ8lhJwLRgIEvtdRN5ZZcO3s0VL59Fr2Ab6cD3R2bHaka3BMK1q9g3qffPL4+KceHzHx/w0SQk4fIwFjZmbauTyrpkbLQHTnZi175ybnA2eO3O3r7NjwoB4hFx4jAWN3d1eTCO1P0tRy7M5NzgfOZK6dONixKeBu3yMPJIScG0YCBjZYmpoadZ1Ud26Ouc4z5wNn3Gs5kcrUuDs2OFrMHRtCLjRGAobTMS2pIsF5u66hsWAi6R+f1VTG2fotk7t374YRCXdsCCkdAu/cHN4CxjIHGpyhI8DE8lZMDr121sN0x2Z9dx8pDHZsqnTrN3TrgCMPI4ScO0YCxJFS+ZpaaesekOEcOzdZD9IdmzUjXYPj7o5NtR4n5o4NIZHASMBIpyeloqJcF1xx5mYgx5mbrAdlepBY86A7EnZsxsfHeMaGkGhgJGCgNwl6uGpS0dwqval01s5N1oM8keDuTxVJeZnMzs7Il19+edKzjovMgwghJYGRgHHnzh1pbm5SkWC5A8seuKJiau2gVD7rQSqShWvSluzLnPqdX5iX/X2KhJAIYCRgYKMFIqk6JBJdcD1UKp/1IO/UL8phVSTl5bK2tiZff/31Sc86LjIPIoSUBEYCBq6eSSaT2pMIIsHUZmR2FX1cY+K+btaDnBqSlSPtAzY2NuSbb7456Vm5glu/hJQegbeAv/jiC+np6TloJ5Dv1OawSHDqF/eBhrh+IvMQQkhJYSRAoJYEItHq1kSj25dkS6Y3bsXEfc2sh3hVrY2tHVrVints/v73v+mR4oCReQghpKQwEiC8ojStbk2gunXcZiSbMrW+GxP3NbMekimPb27LNDT6298gEmYkhEQEIwHiSHWrWybvNDjaiYn7mlkP0c5oE/O6X3zQOf5OmPL4zEMIISWFkQBxtEw+oQ2OkJH4Tm28Fos17jmb9957V0tlA0bmIYSQksJIgPj222+lr6/PEUldXItVIRLfgjQVic1InCsoyhggQgkAAAurSURBVOSDDz6Q33///aRn5YrMQwghJYWRAIHZyMCAdzVFnRarYtfGVyQ9qbTNSFqsSGpVJB999OFJzzkuMg8hhJQURgIEkgi0XMTGCzql4Yqa8XxEgl6t2OZBRnLFiuTjjz8+4THHRuYhhJCSwkjAgEiuXPlL5uAeFltPFMnw9LLp7B9xLw2v0FN/Dx9+fMIjjo3MQwghJYWRgDEyklKRYAsYNWauSNBK4E/2l7NFMjA+Z9C8REViU5nKygorkocnPuSYiIn/b4gQcvYYCRgzMzPqgldEIl5PkqyHDEzMW5GktPCEIiEkkhgJGBMT4+qDqqMi+bPlf+0vHyOSfoikkSIhJJoYCRijoyPaKfEVkcTEfc2shwxOLphk/4gutkIk+GIuthISKYwEjHAiGfBEUq4LLBQJIZHCSMAILpL0IkVCSLQxEjACi2QovWS6Bka17wC6o1EkhEQOIwEjuEimrEhw5y9FQkhUMRIwIJLKykotUs1LJAMTc7r9G29o1nJYlMi/+y4P7RESIYwEDBWJzUZwt01eIul3C9LQm7Hm0C17v/zyy0nPyRWZhxBCSgojASOVGtaMpLom74zEKUg7KhL2IyEkQhgJGMPDQ1IRWCT9Kd21QRoDkbCxESGRwkjAUJFUWJHku0ZyuCCNIiEkkhgJGENDYUQycFQkXCMhJFIYCRieSHCzRHM+bQQOCtKaXJGUy97eHkVCSHQwEjAgErQVQavFvPqRHC5Io0gIiSRGAsaBSOrzFMmhgjQVSQVFQkjEMBIwPJHkPbUZnlpWkcQzGUkZRUJItDASMIKLZHrF4Eo+VLZSJIREEiMBQ0VSbkVSG1QkjRBJHUVCSPQwEjAckZTnL5LUzKrBbeMqklqKhJAIYiRgHIgE99r0+1+QRZEQEnmMBIzDImnvGZSJZT+RzK6ZnuFJioSQ6GIkYBzJSPK5snNkdt30pCYl0dhCkRASTYwEjOAimVt3ruy0IqmhSAiJIkYChiOSMqmpgUjyWCMZndvI3P1LkRASSYwEDE8k2MnNa7F1dH7D9I5MUSSERBcjAeNAJLXSmp9IrroiaaVICIkmRgLGUZH0WZHcOFkkYwvXrEimKRJCoouRgAGRlHkiSeYpkr5RiKSNIiEkmhgJGEdF0usvkvHF645ImikSQiKKkYChIimzIql2RDLuL5Ibpm9sRhooEkKiipGAcSCSGmntzEckS65IWigSQiKKkYBxVCQ9/iKZWNo0/WOzViTtFAkh0cRIgPjjjz+sSAadKzutSFryEsmyFck4RUJIhDESIHKKZNFXJFtWJHMUCSHRxUiA8ERyxRNJRx4imVzZdkTSSpEQElGMBIiMSK5YkVRVu82f8xDJwMS8FUkHRUJINDESIHKLxKdDWnp1R0XSqCKpp0gIiR5GAoQnErgAU5u8Wi2mV40ZnFygSAiJLkYCxIFIygOIZI0iISTiGAkQ2SLJ4+7fqbVdM5helCaukRASVYwEiCyR5HOJ+NT6rhmyIsH2Lw7olFEkhEQNIwHi119/lcHBgSMiSc2uyeTKVkzc18x6yPT6TSuSJS2Rp0gIiSRGAkQukYzNXxXripi4r5n1kOmNW2ZoiiIhJMIYCRC5ROI7tYFIelNT7k17FAkhEcRIgAglkuHpZdPZn1KRcLGVkEhiJEB4IqmorNTkIi+R9I/Pmc6+4VdEcpciISQ6GAkQnkgqq6oKE8nduxQJIRHCSIAIJZKBnCK5Iz///PNJz8oVmYcQQkoKIwEinEgm5q1IUhQJIdHFSIAIL5L+lNQnGvWLIJI7dygSQiKEkQBRkEjqKBJCooqRABFaJMlXMpLbt29TJIREByMB4kAkAbZ/BycXKBJCoo2RABFeJAMjR0TC7V9CIoWRAFEkkZSzspWQaGEkQGREEqSy9UAkTRQJIdHESIA4LJLaurh09A7JxPKmn0gWKRJCoo2RAHF416YunpBk/wh6kfiIJA2RjEp9A0VCSEQxEiC+++476e/v0w7ydfGG/EQyZEXSdVgkFRQJIRHDSID45ptvpK+vN6hIlkzXIEVCSIQxEiAOi6Q2mEjGKBJCoouRABFOJFMUCSERx0iA+Oqrr6S397BIUvmLJJ5ZbGWHNEIihpEAsb+/b0XSc1Qky74iWaZICIk2RgLEqyLpzEckwyqScYqEkOhiJEAcFUkiT5FMW5EMQSTNFAkh0cRIgAgpkhXTnREJu8gTEkGMBAiKhBCSCyMB4ohI6q1I+oYDiKSRIiEkohgJEAWIZMIRCS/IIiSKGAkQoUSSmlmlSAiJNkYCxKsiwaHesYVrMrmyHRP3NbMeoiIZpkgIiTBGAsSrIkGd2dj8VZlY2oyJ+5pZD6FICIk8RgIERUIIyYWRAJFLJKPzGzK+dCMm7mtmPSQ1u2ZFMkmREBJdjASI0CLpUZG0UCSERBMjASKnSOasSBZPEMkIRUJI1DESII6KJJ6vSNZNT4oiISTCGAkQx4vkekzc18x6iCOStCQoEkKiipEAEU4kcwciqaFICIkiRgJELpGMWJGM5SWSJoqEkIhiJEAcK5KFE0RiUxaKhJBoYyRAHBFJnSeSdZTJx8R9zayHUCSERB4jASKcSOY3TO/IFEVCSHQxEiAKFEkrRUJINDESIEKK5CpFQki0MRIgcopkdg0H92LivmbWQygSQiKPkQCRSyQpK5LRk0QyRpEQEmVaLPsSII6KpD5PkSxcsyKZpkgIiSZGAkZ4kYxCJG2FiOTPlv8T/98UIeRsMRIwcotkFa0EYuK+btaDMiJpLkgkmQcQQkoKIwHjyZMnkkwmj4pkZhXnbWLivm7WgyCSPoqEkKjymjjfn7nYkxzx6NFD6ezsCCiSxesUCSGXk8OSyUjl0aNHOUUycpJIxlUkMxQJIZcbI248fgyRdKpI6hIN0jXkiWQ95o3PegFPJA0UCSGXGSNuPH78WJJJRyT1iUbBTZx5iOQGRUIIMeJGTpFMW5HM+olkjCIh5JJjxI1PPgkjkiVXJC0UCSGXGCNufPLJJzlEsoLzNjFvfNYLHIikPaxIWIxGyMXHiBuhRDKxtGn6x2YLEUnmxQkhFxYjbjx5ki2SYSuSFEVCCPEBNSVaS4LK1q6uLqmqhkiaDkQyc5JIlikSQohiLCqS7u5uK5KaQyJZxhZwzBub9cUqknGKhBDiiOTTTz+Vru5XMxJfkWxRJIQQYCyFiGSOIiGEGEs4kUx6ImmlSAi55BiLPH361F0jOdi1GZpawoJrzBub9cWTK9tmgCIhhBQskol5K5IOioSQy42xZIkEPZ0nljclvWZi3tisL/ZE0qgiqadICLm8GIt89tlnR0TSNzoFicjM1ddj3tisL6ZICCEuxpItEpuRpFcpEkJIfhhLSJGs7lAkhBBgLPLs2bPgIklDJJMLFAkhxFgOiaQms9ial0gGKRJCyCsiqbYiiTc2uyLZoUgIIXlhLPL8+TPp6XFEkmhskd7RvERiKBJCCNBWAs+fP1eRVGlG0pJnRrIGkSxSJIQQYEKJZAoiSS9KUxtFQggR8/nnoUSya4Y8kdQFFgn7tRISLaxIPpfugkQS/KxN5oUJIZHAvHgRRiTrjkhC9iPJvDAhJBJYkbw4OrVJ5S2SJedem5paioSQy40rkp5DIknnI5KbByJhRkLIZce8fOmKpKpa4k15imQaIpliRkIIUaxIXjpTm9AiYUZCyGUnpEg2bplhZiSEEAdz//59aWtrzYikJzWZn0iwKovDOcxICLn0mLt370pzc1NwkXQPTTgiYUZCyGWnCCJhRkLIZee1mzdv7jU1eSJpzlMkV4+KpKyMIiHkMrO1tWmOimTCimTbVySvWZHErEhiViQxK5KYFUnMigRf5AfP2RASMba2tkxmamMTjJ5hK5IVH5EQQshhtrePiqTbimSSIiGEBGF7e5siIYQUxs4ORUIIKZCdnR1dbK2kSAghYbEi+ZMVyWtWJK9ZkbxmRfKaFclrViT/643xfRFCCPHj/wH0LUDM49CXNQAAAABJRU5ErkJggg=="/>
  <path class="cls-8" d="M157.2,130.5l-2.7-.2c.1-.9.1-28.1.1-29.6a22,22,0,1,0-44,0v1.8h0v5.8h0v22.1h-2.7V107.6c0-2-.1-6.9-.1-7a24.75,24.75,0,0,1,49.5.1C157.3,100.8,157.3,129.6,157.2,130.5Z"/>
  <image class="cls-7" width="258" height="263" transform="translate(102.03 70.28) scale(0.24 0.24)" xlink:href="data:image/png;base64,iVBORw0KGgoAAAANSUhEUgAAAQYAAAEKCAYAAADw9/tHAAAACXBIWXMAAC7AAAAuwAGdJvZ1AAAgAElEQVR4Xu2d90ITXdf230N4D+U5hBzS+++X5+7VftsARRQU6UgRRUEURZTeexNpioDKzQnMt6+195rZCUlmJpmEtv64pDhACNm/WX39j+M4/yMSiUS2fC8QiURnT74XiI6vDg4O/lHqPkL9x+8xik6mfC8QHb0O0gPgu5JzhBo7EGCcSvleICqsDlJD4KgBEFYCjBMu3wtE+dPB6YBAGCUDQ0BxTOV7gSg6HRwGQaQQ+Pfff0n7+/vO9+/fnW/fvtH7+/vmc/T5fecb/Z/+f7rO1jdb3+hr+fvia/HW73GEkIDimMr3AlFuOkiEQSQgwAFl8WHe3d1z9va+knb39pyd3V3ny84OvU/axef053d28H9KX3b0W0u4ZtcIX49r8T2/fv2q3t9Tb7+54MDPZwhFBAwBxTGR7wWi8DqICAb7+wwA7w6+qw4pH2B9+HedT9tfnM1Pn53NrU/Olnq7Re9/djbUx5vmY/qcuWbDaHVtw1nb2HI/ZvHX0Meb6nt+3nY+KeF7fv78xUDFQMRAaE+BI8HaiAYWNigEEgWU7wWiYDrIEQbkAsBc32crQEPAu8PvKABs06FNPsgf1zedD2vrzvLqGr2FVj7qj/H2w0f98crHNfrc4sqqs7j8wZlfWtHvf/hIn0+U9z3o/VXz/cznPaAYAKm325YFAmgcgoVRlsAQSBRQvheIMssCQigY7Cf4+98sU3+PDtZnZQXgTr1l3eVxh/9gHfAVpSV1qHG4F9RBn1tccWYXlp3p+SVncnbBGZ+eo/dnlKbnFp2puQX6/MT0vDM+NeeMTc0azdHHh6S+Hl87u7hM39vW/NIHZ/mDBxI8lo8bm8765icXGIAFHj+AAbjR76je2u5IlpYFQ0IAkSf5XiA6rIMsrAOAgA8C3uJuygcFZjqb8DhQa+qAra4rCCgQ8F17yRx+HMjJOX3op+iwLzqTM/PqsJuDPjnrjE7OOCMTM07f8LgzND7lDI9PO0NjU87g6KQzMDJBn38/NOa8Gxx1NTA6QdeQxqFp+jp8r1H6nrMeTCaNDEBmFIzmlPUxrx4fQLViQAGI4fdY39xy3ZyNJMsCzwHAyM9LSEgIIPIk3wtEng6ysA7INTAWAR8GHAyyCD5tG0vAM/uXP2orYGF5lSCAO7Z7p1cAGFd3+1F1OHG4B8cmSXzYccBx4EmDY87bgRGnd2DU6VWf71Xv9/QPO2/6hpzX76FBp/vdAL3F594ODOvrLL2z4EEgMR/3q58HyOBnAyKAByAxpuCEx0hSjxeWBmAGi0b/ftq6ADAAC/zusIoYFLCW2JrA8/ZvgOdXAJEf+V4gCg8Etg60VaDjAwwBBPPW1jfJLYC/vrTyUbsBS9oN0CDQVgCsAhy6QXUXx+HvHxl37/Y49G/tw/5u0Onq6XNevh3QUu+/ePOePtfV0++8MB93Kj192eO0vXjtPO7sdp6/6qXPsV6kU89751XvgPNKwQQ/Dz8XsHEhwpYHoKEe7/DENAFsfGbOghqsiyX6XZdMXAPxkDXjgsCqADA1JLTLwZkPv+c8CRACiRzle8FZVhggULwAaUOTLqRswecvbrAQIKDA37LnEnAsgN0AfRfW5jxM+34DARxAfafHXV4B4G2/e8ifd/c67V36oLc+f+W0db5W779xHnd0Oy3q48f4WOlxx2v6XOvzbqf52Uunqb3LaXra5bSo9/F1LUat6po28zX293xivmdrxyt6i5/LIHnZ20+PC3rTN6wtFQUJQAygGDKWBcHCuCGAHyCIAOiCcUHw/CCQynGKT589SJA1oSyvEK6GWBE5yPeCs6aDkPGDfZNFYFdh06QF4UvrbMEGRfXhGiA2MDY967kEkxoG/RmsgJcKArjr050eAFCHtNUcehxSvG1uf+nUtT53qpqe0tuGtg6nlj5up7f4HN7WtjxzalranermdroWwvs1StVNkP4Y7+Nrapqf6e/3pJO+lr+moa2T4NLyXKvVPJZWFxiwTvoMKNi6YKtCuySABkDBAdCp2UWymDhOAXcDz9+GiU2wJUGuhnq+s7AiBBAh5HvBWdFBCOsA4tjBnkkp6jy/tgw4YIg74QxZBYuUCUBA8L06EPDR+5RbgAPSo+6w8Pm7jSvQZUz+DnXAYOY/sWDQBAA87lCH+5k53PqQQ5WNT5zyulbnfv1j535Dm1Oh3t6rbXEq1Ocg/B8+Lqtucu5UPSKVPmykj+8q4f/KlfgtfY16i+/3QH2/8tpW9/2HjzRAAAtA5DAwtJUBl+XZq7dO5+t3BAr8XnBH8LsSLEzson9EBz45VgFrApkPPH+cIuX0aLKrESKrIYAIId8LzoIMFHyBwNYBXAZOK3Ls4OO6BgIsA/jQBISZhZRWAcztbuUW4JDgsLSbw0+mP5nr3WTiP1KmPg5bvQUDAACHng/6vZoWdbCbnbKqJue2Oui3Kxudkvv1zs17tc7VO1XOzfJap6iijt7eUJ+7frfauVpW5fxz56FzpfShc019jM/xdcWQ+voS1oMG9XU19DUlD+oJJoCKBoiGBx4DoAFgABCwTuqV1dL45AXBDO4LXBnt0nQrWHhuCJ4DuEh4XjiwCY0oSCA+AUjoIOaqiUlsuIFLDlpyLEIAEZ18LzjNOghoJeAFByAgmGhXGuLFyYVFeOFOzy+SmwDTeESZyQACTGaKEVhWAfz19pdvdRBQHRbcZdkVwMFnKwAHrZLu/ol3ewDgOg6rOvg4tHgfB/wfddDPF5U7l0ruO5duPXD+un7XuVBcQR/j7Tn1f3/fvOf8qT7/x7Uy57d/7ji/X9XCx3/aUtdcVF935XYlfS+8f1m9f6W0kn4WQHJNwQKPASC5bawPAoaxUvC7VFmwgGsCyLFVQe7Qcw3Cju53BAlAs6dfxygACI5LIHBJroYJXCIdylYEAMFpTw5WBoCEACKDfC84jQoKBDe7sOcVHSUEEldW6YU6ZYqJYAr3D0/QnQ8ugp0tgEnNATwE/sgaUHdUdg3YFbhb06xlIIA7dPF9fce/flcBoKzauaYO42V1WHGYz90sJxjgwP9xvcz59cpt5/d/Sumw/3L5tjr8paRfr5Q6P1+65fx0scT58WKx88OFYue/54voLT7306US+n9b+Br+elsEEiWABT8bwACUAAnAAuCAdYHHT7BQvw9bFwwL/M743WER4bloNkFQxCjwfHWTJTFElgQsrUF2NahoS7saFItY06lPWG5cro3gL0EiOCAEDknyveC06SCA22BnGMhCMO4C7lCuu7DoAQGxA9zd3puYASwDyhoo3/qZsgy0VfBKuwTNOogHawCxAMCgTLkCriWgDhWsALIEyOx/SAePDv+Ne85fN+6qu3mZ8/s1dfAVBH6+jEOsDjYd9iJ92I3+m0rnbjrxJKW8Lu3Xa5gALvgYj4FBgccHq4StC7gf1+9p6wIuyq3KBvodAT5YFA8a4H54VgWsJgRSYUkg0Nqhnr9O426Qq6Ge3wFlhY1QLGLWjUUwID4qYOtg5XaCFRGgcEqshyT5XnBadBDASvhuLAS8oFB4k5hq1ECgkmP1gkTFH+5i701hEawDdhXwooaJDB8bd0S2CnAIKkxsgEHgWQPV5PfD/Mfhgv5SBw1m/e/qzgwAuHf788VJB/bwYc+3+GfyYwCIYHXAYoFVAWsGEMPvATfmorJw2LIA9BDPQDyk1IDiHlkTbS4k8Ny1mMwHrC2uowB4OWiJykwAAinfOVNMBRdjleIQn7w4xBeOQwQChMDBOSNgOPCxErh1mDIMJuWIIJcuSdbZBcBgwkox9ln1BagrwJ3tSdcb8peblatA7oECAUxnBObKTYwAB4LjAfDXcXc9X1RBd1tAAAfrF0BAHbIfLxQn3vkDHNijFB6fCwpjVcCa+VEB7RcDDMACvy/iFngO7DjFnaomCmTCiuJAJmItcDXwvCIuAyuMYhHKzeilgKVnRXCwEsFf7t+AhYeiMgACf9+AcDjz1oPvBSdZB4GthG/kl342BUkAAmCAUmQIAUWKH4xM0AvRtQ7e6voCxA5g/ursgQ4c3jfpQsQKcFfUwbpqumvicMAK0H668f0vaL+fQeB3CE+KGGYMjB8NMPB7wyWCVaTjFA/IYtLZjwY3kHlfuRsABEALQNhuBsUi1N/hbT/iEONuNgN/LxSPwc1AHAhwWFduIDdzBUxznmlA+F5wEhUcCFyYtENxBCpIohjCB3pxIXaAir3+0QnybxkIiB/AvCWXoUMDwU0lWq4CYHD1jrYMYE5TgBBWweXb5A78cEIsgXyIrQqIg6QAJp4nWBKABOISHJPgdCieZ66X4GDlCxcQw25dxLD626EkG39HuH+IQyBGtJmU5pTgZGr5XnDSdBAouOgBYcuKI+DuMjXnBRQRP6ACpHdDFCV/YfoM0GOAFyYBQVkIcBlQW8C1BPCh8cLmzIFODWrL4EeTDfA7OGdJbE0ggApXCs8XXCtyN9TzWFRR69yubNBBy3qTBjXVmaiTQNk3IN3p1kUMuXURAPvYtO4ApTTnR53m5HbwgDUQZ8568L3gpOgggJWwbwcXkzobYSUgiEUZBlOMBD+Wsws6oPiK7lY1pjyYqwvd2IFyFVA0pC0DXR9AcYILRafORciXtCWhrQkOYlI9hXpeYYEhs4FYRLkJVsKCACA4DoE4D9dEcOEUAI+/q209oB1808DBroEIAIgzAQffC06CDnysBB5kyulHvCDspibkxSdn56ksFwVJ2mUYIBOV4weNT19QkQ7MWS440jUG9fSChbuAuxzSiLjrceDQ7yCI0osh8atJiaJmgzIbyooouV/vVmDi78FFVI9MYxhSxHAzKJOhXAzEhsh6UO4FOjwXlHWo2791Lwa3fX/zb9Q6E3DwveC4yw8Kuibhm9vPACvBrkWAlYBMA7oAeyntOExBrXa4DOoOxBWJDIQ71dpdoPhBWRVVBp5XfjECiT9bmQS/F70ouNjVQLbmN/U8IxYBNwMZDZR53zJuRjlXW5p0J1LG6DdBIxpnMThAqVOcK27DFjdrYUDuV//iqFPvWvhecJyVCQqcgqRYgvpjb376ROYjBqFwyzNiCQMjkybTMEwvIPipaFtGDEFbCLoiUdcdNDg3ynX8APl5rjFAavGYBBH/TymWR435/Py8igGBmg6OQ8DNwN8DcR1kMzhYqUvLn1GVKbeJu9bDkG4Jd2sgTHrTLrHeCRacPLXWg+8Fx1WZoMBuw46ZiUBWwprONiAIBSAMGrcBPigammy3oc5UKCISXmYsBNyd4C6cLy6nNBvKhX84ukBiOgD8r9/zlovU9/9Pmp9bUGh4dRIlrgWB2ghYb4jzoBybMhkNbWQ9UH9G+0uKE6HL87Xp7uTWb+rDWFx2ezDWk4KTZxEOvhccNx34BBlhAnpWghdLmDfBRaSwYE7CrERw6qW6i6BwBmanLlludysUYSVwRSICivBzKX5wsaBASAWBvAIgG8VTQyPvsODaCK645HRnkUl13iProY3awx89Ne6FsR6QvXhnBspQoxaCky4gdKu3l7nIWPdw6uDge8FxUiYrAdo3UKDJSabzkWoSZnXH48DYpKlHGE6oR0DZbW2rLlmGlYA2Zl2DUEW+LDoN8cIrkIWQDIJjB4Ggih+GRd5A4cUhbruZDKqFuF/vpjnx9601KU64i52v31OQucfUP9jBSSqMsuAAC9Sn5+JUwcH3guOiTFDYd6sXv1KPA7rtGAqYmoRgE8pmEVxkIOCuAd8Td5EaqlT0Mg1oY0Yl3t9oWFIvMvQo5BkINgxOLAj8FE8ERV4goeshSsjV++NqGYEdAcrSh4+o3BqDZuAmIsvEE6e4DwNTpuzqSbsw6vN2oLjDqQlK+l5wHBQECjtkKWy7roOuXlwwVYuj1OOPP75dwlzH6UflNpRyYVKpCSwqKwFBxR/yF1Q8EzBIp3geIeEWTF26RS3oF4rv09+12KQ4EUx2uzlRQdmhsxccnHStB6swioqizETrsxB38L3gKHXgE0/AwtU9N8ioS5phAmJ6Eog/aKwE+JIILrZ1ej0N8DkrrOAiYgmoVEQgC3ebHy+U+L4As9CZhkE6xfMECYo/mGpKdK3qFGc1pTdhHcJ6oBF1LiBeufEHBKW1a+HBAa+vzeAVkycaDr4XHJUyWQkQZR6UlbBtCpbwR8NSlilTl+AFGIeoLgEFL3pmorYSyo3bwFbCBapFKKOyZcQS/F50ISQwCKG4B4lIAMEdn/i78pQqVFFedwHR7DxobKNqVqp9sFKbgAN3buJmQxWTa17FJCZ6ndagpO8FRyF/KHynfQ08QAXxBN3nsOhOUaI0pIknwFLgQiV066FICS8KFCidL9LpR0S0qY8hwIstoBgIAoMsFI/YiuDsBQHi6h2dvbjz0Gv3NtOl7MIogkO/VxSF1xeyW1wxSfUOVC15+uDge0GhlQkK3OuAP4a2EkzBEqciEWRUf0T4iShWwtBRWArobyArAbEE5WNyTQJSkNptiDTbIECIWPEIrQgus6ZuTuVe8PAYDMzhwqj6x7p7Exkrjjvw/ElkuDDOD81YtHrPlFP7lFKfODj4XlBIZYICXAf4dSht5vqEpVVdxYgBKjD5eBw7oPDEVC/WmerFCgsKeEFwt2OEboMAIc+KRwwIKrFWrwNYjXZqE3Coa7WKopQriv4ZLohC/IqrJbHIlzd9+5RSnyg4+F5QSB3oQGNKKOxZDVCoYsTq9tnFFapac+MJxnXQUOiieAICTNz9CNfhHFkJkdYkCBAKrHhEgLBrH86bwigPDm26rftpl655UK8rFMTxvAfUO8xxMZTZxRkg7nBi4OB7QaGUzlrgICO1SSu/Dv4drATMTaCiJQMFjidgVgKyDujXx7BRQEHXJVSajIPufPR70QSQAOGIFY8QEICD7t584LoVuKnUmslRcEl1QdSgm9JEFS1qHXhpLxdDUdzhhMPB94JCKC0U9hkKn3XRkoECxxOo16F/mKrX2pU/iIgy+hy48Qmuww1TrAQocF2C3wvFRwKEY6Z4BIBgOGDUHF4vXBSFlDYKogAHDITBSDm7WpI7NbmUGtkxrBmAhYt0eioL+CTAwfeCfMsPCiAwZR6skWs0nVn9Ubg+ARFku2Cp3BQsoawZ0WfEFBBPyNF1ECAcc8U1IHKEwy3qiUFRFGpbUONSUeeVU7c892odEM9C8dzw+BS9LlFKje3ldo/FSQ1I+l6QT6WDwr4FBT2c1YOCHqTi9TpwFSPy0MhHIy+NeIJujb5ngow5lzT/nwDhZCieo/VgF0XhpoKJ3retgiiUzyOojUlR9s4LBL95WxZXSp5kOPhekC9lggJSP3oe4zbNUMBQFSpvHvHqE9rdRS4vCQoVZosTJvsgFcnxBB1k9H9BZACCWAknUPEcrAfUsvxgOjbxOqKJUaaVm6sl0WPT9uK1O0YOrgUqJVHrgJuY3pD16cTCwfeCfCgdFCCuU0BdOqCAwA7PYnzH7sObPipC4dXs3OuARa4JUDifU5BRrIQTrniO1sMPpmJSV0tWUrwKS3JglcK1QCNWi1XvgJsW0pnYQYLXLVdJBhgZF/P7XQot3wuiViYoIM3DI9i478Eb0Dqhl7uY8mb4e7zvkUubkXnAHxF+Yg71CWIlnDLFc7Ee3HLqO86lW/fNXs4Gt94BxXM8IQoDf3oHR2hDFpdQ64nU29TPc5LSmL4XRKnMUNjXHZLb21Q0svRB9z3wXsgeM4sRMQXd7+BBgSczI2iUY32CWAmnVPEcrAe7WhJzHmhKlFUMhTLqJ1099PrEzat/ZDyhv2JNvZ4JDrsnBw6+F0SlQJbCtrYUkBOeNn0PdokzFS61vyQfjycsoZIRW54x5ivHVKRA4QwonqP1ABcV9Q5cDMXr9JDORJUkXqdvTQm1DQfc7JDGPCk1Dr4XRKWDDFWN2lL44qwBCh/WaJw7TW4enaQmFhsKSEliyhKPXUM8AXsRc7QSxHU4Q8oVDnBVMWMSlbRU62DgAMvB7q9ABo0zFbjZoRbHhUP6xqtjAQffC6JQOmvBjinose669wE98P1mnDueZJBY9z10UFRYQ6GG3AfuivT7g2aAggDhDCqeo2uBYiikM2+U19LrETer2hY9Ni65+QpwQG8FBs3idc4FUMfZcvC9IFelh8K+O3VpQ5F0xVQ1ckMUxmzZUECZM/c98Og19Ncj5+z3hxQoiNIpnqX1oAfQ6ulQCHzjdUkl1K2H4YA05rh6XWOPhbYcPrl9Fcc1U+F7QS7KBAXaCvVl110AkwAFTF2iWgUPCmhqwZPPJc7YKZBDNaNAQeQqGzjoQqgSA4eKhP4K1NVgnaEunx40W7C8MfVwl7npKkONw5FaDb4X5KKDNHEFqlUwnZIf0kABVY2oVYD7UKX8NzzpMNuQkoQLgaUjWUBB4gmilMoWDhg8+6cZG5fcfIXXrweHUXcKNcUcglVHHhkcfC/IVhmtBTNoxYUC9T8kQgENK/XUEPWUylFvGiigbfqXK1lDQYAgSqts4YCbFKaA2RWSVABlRsVxdWSvgcOker2jOhKWQwA4xPwedz7ke0E2SgsFq1vyw9oGTV4CFJDWoarGFFAor2uh3gcNhXJKFwkURPlS1nBAheR1XT5964HurfB2aHqNV4idcQEUVUeub1JGDsHI42Q1+F6QjQ5SuBBeD4SJK6yuuTsfELlFYYgLhbZOch94YCttgrqhMxBZVDQKFEShlBMcrpVRjYOGQzO9jgEHatlWlgNK+mE5oHTaro48bi6F7wVhldZaMAFH3v0AUwrBmL4RvXYe7dN48lAoQqPd6zQUUMAEKPBsRr8/kEBBFIWygcMPpgCKB81ydSTcikdPdF8Fj4mD64zXP1zp1bV1sqKRpcM5SQGGgsPB94IwSgcFaqNmKFg9EPZ2KBQwIc2DoRjcFEVQMANbxVIQFVpZwcGUTl84NCpO91WgK9jeW4FuTKw90Nuuvvh1Ysb8HnNU8r0gjA7SuBBfv303LsRnSk1yZeP74XF37wOCNNQ+Xe+VOmMjlHYfJKYgOhplAwcqnTZw0E1X9XSzQyl/U3sX1Tika7g6Li6F7wVBlc5asMe9w1rQS2ZhLegeCLsxClTFjH88mUj/oClK3AfRUStrOBi34mZFrVNm0piwGvB6R5k/N1whAK9H0q/TxOnj0Inpe0EQpYPCvvrF9hT9EHXVm6I+kuk0QKlJPXCFKhsVRbkxCrP2qH36elZVjQIFUV6UDRxQ44DqXLvGATc/DHlxZziYysjJ2XlysbnZymfadMzv8eYq3wuC6CCFC/EvQeGrMo04C7FuOiZnvYErPX2miOm53hClXIirbrAxq7RkzO+xikTZKiwcOFMBl/jqnYc05AXDZblsmoqfMJLe7KuAS7FM/RR6ic1RuhS+F/gpnbWABhHaA7FlZjaiOWp6jgKO3EbdrqyFejPVuay6mcqdz5m5CmItiI6jsoEDN1yhHocqIxu1S4F9FV3qHHAnJu2qMFuucDPVG66OxqXwvSCT0kGBG6TcZbMfPhINMd05sWPyFe1/QE87FzHB9Pop/PBWgYKoYAoLB7gUGA/AOytQ/MQj6dml4JLpCVMVaY+hPwqXwveCTDpI40KgkAm/FLrI4EIACqAhuxCd1Afxyu2YxP6H62QtlGfTGCVQEBVcYeDgzXAop+lPGEl/P1WzldlTYc9v8OnCzJvV4HtBOmW0Fnb2vF0QyoUYn5ojUwnj2biQibZFUXNUi1NUXkdPGtUrCBREJ0Tqtdcd4DVqwUG7FBgwxG3aXBWJ7Jy74WrSa7QK0IUZ83uc2cj3gnRKZS0kNEiZuILbIDUwokwm00qN8WxwIWp1HwQm8PK8Rr8nWKAgOi6Kh7AaILy+4SpfUS6z3U+haxt6TZZihBbYoAAQaxM+ml6KDMHIvFgNvhekUjpr4ZtbyKR7IZCadBukXBei290DwX0QiNr+Er6NOub3OEWifCssHJL7KTD5qdossXEbrbiXYsGbF+nTaBXze5xh5XtBKqW0FpI6JxFAQRaiz1Q3ugtn2zopC+FWN968l011o1gLomOjMHDQ/RS6KhIpTJyDSpOloC5MZTm8UecF54aGySo4wPpGO0EhOzB9L0ilVGBIthbQOcmbo7p6+smPgslELoTbSp1VdaNAQXTsFA8Rb4BLwaPoi+8nzm/gXgrEG+CCo/YnYLl0zO8xhpHvBclK5UZwk9SW2zm5Sp1j7uJZZS3QfsnmRBcCJlUWWYhInwCRKArFQ1gNEFxnncKsJDjgXNSY1XdIYb5+P0htA1ihgNqG1QJbDb4XJCudtbDjNknpnRAwgwAGHv1e18q9EI+8rsnLtyXgKDo1CgMHzlKcLy6n3qA7JktR/7hT76fo7Sdrm6yG4E1WMb/HGFS+F9jKZC3otXJ61yQyEf2j1vCVjm4KsKCQ6TZtjpIshOh0Kh7CpbAbrVD4ZHdgdrx+b5qsJmihs52hKITV4HuBrVTWAu2GSG6pNsVM3WbSc32bKXuuatL7ILAk5nLoXoiY3+MTiY5a8RBWA4SqSBT22SPoE+Y29I/QhGluzUYMT3df7is4HAJDZFaD7wWslNZCUvfk4spHyr8Ooh/CFDPpBbTPnPv12lq4eqdK74MQa0F0ShUGDugJQpZCByK11QC3G+cG1jashj5qzZ5LLJXOc4OV7wWstNbC7p5nLZjuyfeutfDWaXjSSUNdeSfEuaLQA10FCqITp3hAl4JH0MNquG6sBqQved1d97sBOk+pui8zbLKK+T0+P/leAKWyFvCAEAT5/GWHgiLwgezuyRdmKlOt2TVJmYjShzRJF0/EfwM8aUY5/5IiUaEVD2M1KOuZd1OUPGig1uyalucUm0NRIKxvnhGZ3GB11GBIay1QW7WJLXhVjnoAC9ctIE+LvRBYBPpbuH4IsRZEJ1ZB4cC7KdAvVFRRS+cFpdLovuRYg+6hmKFNVrwDU7dl56dM2veCdNYCHhBSJ2ubW/3FIVMAABqxSURBVG7dwtDYFKVYeAALqhzRe26PgP+ZWqp9gcCK+T0+keg4Kx7QpaCNVtfuUgzudqUulUbdT4vpvkSsQe/ATI415Mdq8L0gtbWgOyg3zYZqtha4oAmUw4QaTlEiqAIakrUQvPRZrAXRiVc8jNVw6ZYZ6FJrqiGfusNjX/X208wGxBoCdl7mZDX4XpAMhuQOynneD4G2aiu2gEapBzyuTVEwi7qFmN9jE4lOguIhrIY/1DlBnQ83WKEakvZRvOmj1CWGHWG2Sb5jDRn/M5UbkdwTgdXeNIQFeyffDzrtim7oFIOPhLZqjM6+UFRBVY6SiRCdRcUDWg3cYIUgJI+BQ4YCZdJ25yVcCu685GrINItqYn6PLZ0y/mcqN8IGA1c5wlrQzVLWfgjTE4Hhrn+Eb5TK+hcSiY6j4gGtBrgTqPNBDwVuqrAaUPCEWAPXNSBDYY+A+5R+UU3W7kTG/0wGgy5/3nObpeaXVxJGtultUl1kLdyr9ZbRopNMrAXRWVY8hNWABit7eGzloydUD9RumqvYaoC1HmApbszvsaVS2v9I5UboIa+77gp7exALpt1S3YLZJlVqqhz/DF/lmNUvIhIdd8VDWA1/XU/svESGj5qrzKIau7mKltSk33sZ83tcqZT2P9K5ETvGjcADgjlDG6VMs1QrN0spawFVXPCVxFoQibSCgoEzFMjkof6n3Gqu6nztuRPu+DdaUhNtdiLtf6RyI5Az5S5KWjWHLsrhcecNCpp4lqP6BVDWidgCqPfjxRLfJ8JSzO8Bi0QnVfGA7gSUqbkK7gS6LmGtzy0uk1sftTuR8pOp3AiOL2y6XZRLbhclzJs22j/ZQWOxS81GKbgRUrcgEnmKB7QaAAYUBF5WVjeNm69/TO4E773UqctJqiFCLZG38zJl12XM73ElK+UnBQwiUX500sFwKL6geyO8+MLk3CIVW/DGaoABDVNoAMF2X94qFaKoKfSDF4lOmuIB3Ql3whP1T+h2bJwvNFbhvCWkLc0yXNQzRNU7kfKTyWBwOymVH7O2selOgNaBx2GabNvy7BU1TGEHJRZqnCu6R8UaAQOPYi2IzoziIawGasc2C2qqaSZklzsTkvdd5qN34tAnUrkRdiflSlInJe+hxGYpzHQsffiIGqYw6JIapgI8AXGxFkRnSPGAVgM1Vl2/S2Pm4Z5zABIT1+FOoNp41AQg7Y5LuP35AMMhN8KudoQbMW6sBbeTEmnKJm6Yqic3QvdGBLIWBAyiM6d4AKsBbjjOEaY7oQqSZ0Ki5eCFWWmnOy7nqQqZy6OjcCcOfSKVG4EftPVpWzdNYZ29Ve3InZSodtRzF+r0lKbgvRHiRojOnIKAAUI9wzlrTgN3XHZ0v6Pzp6c7zdC5jNKdSPggtRuxb8a36aYpykbAjVBmDMa3waypYzciu07KwA9WJDotiodwJ6jjUlnhcNMrrcU0NGLe7LqcNU1V3IqdqzuR8EEmN2J1fcOtdsSw117TNIXmDnYjqDcifLVj4AcrEp0mxQNYDT+YEfOuO1H/mKxzcicw9g3uxNgUzVuFO+HTVBXze0yshA9SgQFmCZqm0Buh3QhsmNL7KJ9ZLdZomrrKi2SCD3sVN0J0ZhUEDBDSlhcUGNidQBCy8Uknbci291yyO5GhCjJwnCHhg2Qw7O9bQ1kABpq9oMAwqKdAt3W+SWiaulL6MOwuypjfAxSJTqviIdyJ39S5umQVO+ny6B6a7OTuuVRuPs7pp8+5l0e77xykq3bk8fAmvoCiJnIjTDclZi9gSe0N0zT1+z93gloLAgbRmVc8gNVAI+YvlVAQEuesvLaVygNgrXdaMxp4Ae4GVUHu5VQF6b6Tyo3wtkx51Y4DtHpumB4QLaolMLQ61+9VUwnnr8GnQIsbITrzCgIGyG2qKq8ht7225TkFIZGdSDW8hWZBpk5bxvweE+S+kwoMX3kSNO2N0NWOvEwGo6Z0fEF3U6I6C2D4iaZABwJDoAcoEp1mxUO4E1wFSQtwGxO7LfV4+VmawarTlmjDzj7O4L6TDAZOU/LeCIovTM66aUoEHvHA7GpH7KSU+IJIFE7xAFYDj5fH0iacN26qekpxhgFy7+0J0hiPkEucwX0nNRi8oa8YCtE/PGFmO/YnbLDWI9we6PqFYNaCgEEkMgoCBpwrlAFcpm1VugoS1nqzmSCNniVKW84vJVRBZlvPQP8cZBjj5oLBDH1FeoTjC3hgnKb883pZmA3WEl8QiYyCgAHCLMiLxRVOsZkFed/0TuimKh1nmEqqZ8B+y1zAcCi+wGPcQB6eBj0wMkFgcBfKNHnTmkJusPZ9YCLRWVE8RJwBbdjX1HlDlbHtTiDOoMe9JU2P/vY9q8wE/ZMODNu03n5DFzZNz9I4KZAJD4T7I7BQBg8U3ZRSBi0SZad4AKsBYPjrxj3dbfnwMBhg0dsBSA2G7Bqq6J9UYMA3RGET2qzdpTLuevseWoKBhg7eYv2XBB5FoqwVBAw/mm5LxPOwqcqdHu0GIEed4XEdgOQ5kGkyE75WA/2TDIbv+5yRONw4hQeAximdkWijSiys1AoReJT4gkiUpCBgwBgD7puwx8qj0PAFTXUapj4mzEuhhqqNLSpQzA8YPpqMxMiEt23qubdtCnnViyV6vX3AwGPGByQSnUUFAQO2xGP4kT3urUpZ7eib4LHycCem1HnlAOSXLxjckgUYDlJlJPa51fqzl6ocSRzMwqXQ18qqaUx8iIxExgckEp1FBQEDxENisW+CMhMmztDxWldAojLZzkzQ4Jbv30NXQKYOPCaXQiswUEYiqRQaDwy121TxeFHGuIlE2SoeIjNx7uY9ZanXUOD/IdbXtemlt6lKozMsoollejzpMxJpSqHtiU1IVRIYbgoYRKJcFQ9gNXAFpD24BQNiAQae6DQyMe3ML614E51SV0DGMj2WlGDYVd9oi1utl7w19zyxCZ1dIBVyqSiFlvmOIlHuCgoGdDAjAHm7stG53/DY7Zl4abVgz8wv6cxE+hbsWKbHknIGw449g8GA4b1ZLPPYWnN/26QqAYaA8QUBg0iURkHAwHst0YJdbAKQ9W0ddMO2902gBXtldT1Tz0TGWobUOyqNxbC6tk7kQaoS0U6AAZtw6lo76AEhMnrltqQqRaIoFAQMEHda8sJbBB/bDBhQyzA4PkXndnl1jaavZdNMlXIqNL4R75CYWcAqOuyQGNVgMDskEA3VzVOVzm/Bh7OkfSAi0VlXUDAgA6hrGbTFAAueR8ojczg0Pk1g4OGw2dQypOiq/J4wFXpidp5Mk15KVSauugexQq66T/tARKKzrqBg+PnyLedCcQXdmMupy/IpDW3R05yGacoaXImFZZ2y3IkCDEhV8nIZgGF8Zt55r9yIt/3DuoaBpkLr4a/XaBVdeZjhr2kfiEh01hUPkLL8f38bV6LIcyVQgYw4A9cycIwBtQyrUYHBHdBCfRJr1K3VZ8AAH4aCj826uAlVj1ihBTAEjDGkfSAikSiY1ZAcY0D1IzITXP1ogwGuBMYn7OcKBs5KbJkGqqmkcui2jtdmq3Ur1TBI1aNIFJ3CggGWe41y7cmVSAGGDQUGvc8yEjDsuuXQUzQAdlKXQ5uqR4ABpLpZXkNVWAIGkSgahQUDqo95khNcCR7Y4k6M3sSi2/Bl0SmDj3aMAT8AwYye/hG3HJo2T5ngIxo6MFlGwCAS5a4wYECfEgbDPjSbqbj6kcuil4wrkc3E6MPBR3uztQk+ksVggYEX2GJyk7YYBAwiURQKAwYUF6JfAgOZqSz6Va87yQlFichKoK3hc/q5DLF0j8MXDNwngVLLTmWqtDzzwMDl0KjEEjCIRLkrEBhM5aPul2j0Vta99GY/jk6ZSU4b2fVLpAXDKo90M30SIBF+MO+qBKkwoAU1DDLSTSSKRoHAYCwGWllXySvrOmiyGlsMIxMzNHmNRrxl0S+RFgwf1jacuaQGKvzgZtNZWWomN4UobhIwiEQ+CgqGP6+VUZETgyF59uPQ+BSd31UCQ9qy6Fi6xxEQDN6sR7YYaMkMNVAJGESiqBQUDH9cu5MWDJidguUzc0tsMUQIBkQz4aPY260ZDNXN2pVwW64FDCJRJAoKBkyLvoDWa2W587AWFwyjk3kAg5WuTB7SgrX3Te1d1CshYBCJoldQMGA4Es9kwLT2hic2GPJhMWQEw2un6WkX1TEADJhvD5NGhrSIRNEoGzBUmgW36cCw9Wmbhi9FBobF5VVnPBUYmhkMVQIGkShCZQMGTHHKFGNAe0MewDDv9A2NO68ZDO3JYCgTMIhEESkrMPgEHyMBw/dUYBjWYEDbNRZo8oRoBoNsoBKJolFgMNxIDwY0PcLS50nRm1GAwa58xGgo/AD8oB4zjwGz5dwt13f0zkopiRaJolFwMNyl80fLbRvaDoFhkkbI60EtmMa2uxshGFYsMOjuyj63V4LBQCXRAgaRKBKFAQMGJcGlR0l0gy8YUg5riaV7HAHAMO+8HzITnN7oCU4uGMqqqMBJeiVEomgUFAx/2WBoPAyGCQsMG/kAwwTAMKibqBgMKHDywCBNVCJRVAoMhut3ddu16a60wdCXAgx7OXdXmuAjb7rGD+DuSg0GbxisgEEkilZhwHDVgAGVj4/au2jpjAcGHXxc29CuBNbUJUEhBzB8TAJDTyIYrpXpOgaJMYhE0SgoGJCuZIsBg1qaksEwzWDYosrHb9/yDIbHHYfBIFkJkSgaBQWDO8FJgaEqGQzD4266kge1IEQQORj6hrzx8XpFXTtNiUbwQ8AgEkWnbMCArAQmOKUCw8eowEALZwgMn5PAMJIGDGUCBpEoImUDBhQ4YUo0D2pJBMNmhGDYZTCsOxOzC2avxIjZK/GaKh+9vRJlMiVaJIpIYcCA4GOpAQParhPBMOuCAcNgaUp0bmCwF86sO5MMBt4r0fnaqSUwtAoYRKKIFQ4MVRYYOqldgcGgh8HqkuhIwbBlgaE/GQytDIYaAYNIFKGyBQNKovWU6CFKFhwCwzfslYgADLxwxgYDFs48TgKDbKISiaJT9mDoMBZDQcEwkbCJqsa4EjcAhhsCBpEoKmUPhs6UYPigrP7P21GAYT8FGEYSwcAxBtpdKWAQiSJTKDCgu/KhHWPwXInRSb1XYoXA8IUKnHIqiU4Gw9RcCjCY3ZUCBpEoWoUDw0MXDLRwxoDhHYFhJv9gGMgAhr8FDCJRZAoDBgxjvlPV5NYxuGAYHI0eDPuhwFBLNdsCBpEoGoUGQ/Ujmvn46OkL57lJVyaCYS1KMHht11Nzi3qpbSowlAsYRKIoFQoMpTYYuhLAMGKB4ROW2hYCDHUKDBUKDDcVGM4JGESiyBQaDFaBU7sNhokZ2j2LM4zdlZGDYVqBYTAJDNgrge5KBsOvAgaRKBKFAQN2x96x0pXcRNVLYJguPBh4tBuBoajc+fWKgEEkikJhwVDqA4ZlBsPXnMHwrwk+ChhEokIrFBhuHyUY5hUYxqZSgqGootY5L2AQiSJTNmDABKcGarv2wICFMwg+RgYGe+GMBsOSM6TA0CtgEInyrjBguGzAUK3OY2MyGManqSQadQyRgCF5SnRmMNQ554sFDCJRVMoGDFUGDE8ZDAMAw5SzsGTAsL2twJDrlOiQYLhQXCFgEIkiUhAwYPgyYnsEhoeNFhh6ksCwYrISeQDDTAYwFLtgKBUwiEQRKCgYzltgwPj4BhcMQ3RWhxQY5g0YthQYct8rkQyGhSWij4BBJMq/woLhtgUGijH06e5KxBgAhuX8gmHa6R1MA4YSAYNIFJXCgeFBAhieKTC8eZ8IBgxqQUl0HsCwbMAweggMmFKrsxICBpEoCgUFA8UYbikwVDa6K+rQXemBQbsSvFcicjBgfDzFGFKAAYMiBAwiUXQKBIZLGgyXksDAU6IBBsQY5mww7EUMBsynzwwGcSVEoqgUDAwlCWB4kLTUtnBgGM8ABgk+ikSRKSgYzieAoe0wGNTNfG5RgWH9iMCArMRvAgaRKBIFAcNPxmJA2zVGu6UEg7EYPgoYRKKTr0BgSBoGi92VNhgwoxW9EgQGs6Ku4GD4+8Y9qXwUiSJSdmB4nACGgdEkMHzOExj607Rd44HJlGiRKDqFBQMNajEzH7mJCjNax2cSl9rmBwxJw2AFDCJRfhQaDNVNGgztXe5oN4xinJyddxZWVgUMItFpUDgwPHQHtWAYLFsMg2OTtChqYfkIwYC9EjLzUSSKRqHB8PCwKwEwTAgYRKLTo2zAgKwEjY/v1gtnNBjmnUXlSqytHyUYJCshEkWibMBQ+eiJXjjT/c4Dw4wGg9tElV8w9AkYRKI8KgwYrt+roawEZj420iaqXgGDSHQaFQYMN8prKCuBPS+PksGgzu2RguH3q3eoDVTAIBLlrmzAwJWPzyww4NwuWGDAuU6CQu5gQO312/5hAkOrDYYygKGU2kAFDCJR7goFBnIlmty9Es9epgcDpr9HCoaJ6Xnn/eCY02ODodkGwx0Bg0gUkbIFQ0MSGMamZnW6spBgqBYwiER5UbZgaHwCV8KrY9Bg+BA9GDZ9wFAuYBCJIle2YEAdgw2GUQGDSHR6lC0YmtpfmuCjBwbsrowODN8tMHzUMx8RfPTA0K3A0C5gEInyoGzB0NCmS6LfmBhDYcHQkwiGawDDNUlXikRRKVsw8LbrN30GDJOFBkNHIhj+EDCIRJEpFzBgUIsHhhl3r8SXLzvO/v5+fsHwOAUYfhEwiESRKBwYqvWgFsti4HTliA0GdZ6/5wsMb5PBUKfAcFfAIBJFqVBguJsIBp2VMGCYKAAY+pLAUNPCYKgWMIhEESoMGK4ngcFuu0Ydw7xJVxIYvucFDOMZwFAmYBCJIlJYMNytaaZeCc+VGHQGR3VJNIKPq/kHw4iAQSTKs8KC4V5NiwsGnhLNvRKwGCIDA9IaOwSGzwYMCwHAIG3XIlEUCgMGdFeiNSEdGBZcV2In93RlIhjWNRiGk8HwjMAAYv15XcAgEkWlMGC4WV5bYDDsWmCYNWAYGHG6CAyvDRhaBQwiUcSKCgw0Jdq0XQMMOdcxMBi2PqUGQ1uHgEEkypfCg6E5JRim5hZogtP65pbzRZ3n/cPTm8KCYV+BYc8Fw2QyGDpfO7UCBpEoL4oaDBifsJMvMPQng6FVwCAS5UMnFAz9SWCoETCIRBEqMjDM5gkMGwg+rq4lgAF7JR4fAoOsqBOJolI2YECLQuOTF+nBsKPAsF9gMPwlYBCJIlM2YEDMD2CgkmjTXVkgMCRuouKsxA2AQZbaikSRKTQYajwwdLx+57Zdc7pSwCASnQJFDobNqMCwnwIMI2nAcE/AIBJFqVzA8LygYJg7DIbalucCBpEoD8oGDDUpwDA1t6hjDPkCw1QqMLQKGESifCgnMHR7YJh2wbBF3ZV5AcOAgEEkKoiyA0P78QPD3wIGkSgyZQWG5nY3XXlMwFCrwHBPwCASRaRjCwa0Z+6GAcNNAYNIFJXCguGugEEkOv2KEgxLH9aowCkyMKDpgrddazBMpgZDuYBBJIpS2YChOg0YllfzCoZFZ2A0EQx1CgwVAgaRKHIJGEQi0SGFBQM2wlU3P3Nanr2i81kwMOAHDKYBAx7YOQGDSBSZQoNBnUMUOGGnLAYpHSkYqpv07koGw68CBpEoEuUHDBEMgw0ChqqmpzSdVsAgEkWrrMDQ3O60Pk8Bhg9HCYaicufXKwIGkSgKHWMw/GsqHwUMIlGhlS0YWhQYXggYRKLTqWzAUE1geJUaDJtHAYYKAYNIFKWCgAHn7XxRRWAw4Dz/m+uU6DBgKFJgOC9gEIkiUxAw/PZPqXO+ODgYdvMChnkFhrEpp1fAIBLlXcHAcLvwYMDuShREeGBYcoYEDCJRQRQlGNBEtR4VGL59EzCIREelQGBIjjE0tTvNz9KBYesowFCnyCVgEImiUhAwHAo+qvN4DMFQIWAQiSJSNmCoEjCIRKdb2YPhpTqfxwgMFwQMIlFkyhUMbwdGncHxKQOGj0cDhmIXDKUCBpEoAuUKhl4FhqFCgGFGwCASFUxhwACLveIowTA8LmAQiQqhoGC4WHLfKb5f74KhqeBgWDBgGBQwiET5ViAwXL7tXCp54JQcPRim04OhRMAgEkWlIGDAKMWLCgzF97Ur8fCRAkP7kYFhVMAgEuVZJwgMy2nBcK2s2pRECxhEoigUHAz3k8DQReeT05WIDQIMaxt5AsPEzLzurkwBhqt3qgQMIlGE8gMDzpkfGIYnpsnSzysYxqfnBAwiUYEUCAxXDoPhkQWGkYkZsvSPGAwSYxCJopI/GG4GAEOBLIYhAYNIVBDlBIaePpq0lgyGSEa7CRhEoqOTLxjO6eDjBQWGokNgeE+FiMcDDFLgJBJFpsBgKE4Cw9OjAMO4gEEkKoSCgeFWRjBQVsJNV24eDRhQEv2bgEEkikR+YIB+PgSGJwoML0zwUcAgEp06hQJDhQeGRhsM4wyGVQGDSHQaFBwMFYfA0Akw9FtgWBEwiESnQlGDYXPrs7O791XAIBKdZGUDhsoEMAzTmAQGw9anbWfvq4BBJDqxUufjH6XvfucIYDgfAAyL+QZD/0jq3ZUAw9837skwWJEoAsUDWAsEhku3rNFuj53KRgWGJx4YhggMi4UAw0RaMPx14y4VXAgYRKLclBUY6h/TirrGJ10Ehp5UYMhXjEHAIBLlX9mBodWpaWmnOgYBg0h0ChUcDCV6fDyDoTkJDGNTtKVewCASnQJFAoa+YwKGvxUYfhUwiEQ5KxwYygkM5QoMdY87qFdCwCASnUIFBcNPDAZsolJgqG/rpNFuAgaR6BQqDBjOMRjqksEwpMAwKWAQiU6LcgEDuRKv33vbro8FGKTASSTKWYHBcFGB4aaAQSQ6E1Ln4z84I0ZjYcCAc4mFMy4Y5iIEA75YwCASHb2SIJEgBYaYAkOspLJhrILA0OE87uimCU4EhlENhoXl3MDwH1wAqS+OKTDEFBhiCgwxBYaYAkNMgSGmwBBTYIgpMMQUGGIKDDEFhpgCQ0yBIabAkPKXSNL/+j0hIpEomG4/bPyPAkNMgSGmwBBTYIgpMMQUGGIKDDEFhtjW1nbs69dvY6HB4PfDRSLRyZYCw39w02cDwFLaG7XvNxWJRGdP/x94+FBO8YyLyQAAAABJRU5ErkJggg=="/>
  <rect class="cls-9" x="90.8" y="123.6" width="83.5" height="62.9"/>
  <rect class="cls-10" x="172.9" y="123.6" width="2" height="62.9"/>
  <rect class="cls-11" x="91.2" y="123.6" width="2" height="62.9"/>
  <path class="cls-2" d="M130.5,3a127.42,127.42,0,0,1,90.1,217.5,127.47,127.47,0,0,1-180.2,0A127.4,127.4,0,0,1,130.5,3m0-3A130.5,130.5,0,1,0,261,130.5,130.47,130.47,0,0,0,130.5,0Z"/>
</svg>

                                <svg class="trustmark" xmlns="http://www.w3.org/2000/svg" xmlns:xlink="http://www.w3.org/1999/xlink" viewBox="0 0 322 261" aria-label="Trustmark">
  <title>Trustmark</title>
    <path class="st0" d="M208.2 0c-0.2 0.7 0.6 1.8-0.9 2 -0.2-0.2 0.5-0.8-0.2-0.8 -0.4 0-0.5 0.3-0.4 0.7 0 0.2 0.1 0.4 0 0.6 -0.1 0.2-0.3 0.4-0.1 0.6 0.3 0.3 0.5-0.1 0.8-0.2 0.6-0.4 1.2-0.8 1.9-1.2C208.8 3 209 4.2 207.8 5c2 0 3.3-1.5 5.1-1.9 -0.9 1.2-2.6 1.4-3.4 2.8 -0.7 0.5-1.6 0.7-1.9 1.6 0.8-0.3 1.5-0.8 2.1-1.4 0.4 0 0.8 0 1.2-0.1 -2 1.8-4.3 3.1-6.2 4.9 -5.9 5.6-10.5 12.1-14.6 19 -4.9 8.3-9.3 16.8-12.6 25.8 -0.6 1.7-1.2 3.3-2.5 4.6 -2.3 2.3-4.7 2.5-7.3 0.5 -2.2-1.6-4-3.7-5.7-5.7 -3.2-3.6-6.3-7.4-9.5-11.2 -0.7-0.8-1.2-1.7-1.7-2.6 -0.4-0.7-0.3-1.3 0.2-1.7 1.2-1 2-2.3 3.4-3.1 0.9-0.5 1-1.7 1.7-2.4 0.7-0.7 1-0.6 1.4 0.1 1.6 2.2 3.3 4.5 5.2 6.5 2.1 2.1 4.2 4.4 6.2 6.7 1.2-3 2.3-5.8 3.5-8.6 2.3-5.2 4.8-10.2 7.9-15 0.6-0.9 1-1.9 1.7-2.8 0.1-0.1 0.3-1.3 0.7-0.2 0.3-0.2 0.5-0.4 0.5-0.7 0-0.1 0.1-0.1 0.1-0.2 0 0-0.1-0.1-0.1-0.1 0 0.1-0.1 0.1-0.1 0.2 -0.4-0.9 0.5-1.5 0.9-1.6 1.5-0.1 2.3-1.2 3-2.1 1.4-2 3.2-3.7 4.6-5.6 0.7-1 1.4-2 2.2-3.1 -0.2 0-0.2 0-0.1 0 0 0.2-0.1 0.4 0 0.5 0.2 0.3 0.3 0 0.5-0.1 1.1-1 1.9-2.3 3.2-3.1 0.2-0.1 0.8-0.6 0-0.8 0.3-0.2 0.4-0.6 0.9-0.6 -0.1 0.7 1.2-0.6 0.8 0.6 0 0.1 0.4 0.4 0.3 0.9 0 0.3 0.4 0.8 1 0.2 1-1 2-1.9 3.3-2.4 0 0.2-0.1 0.5 0.3 0.4 0.1 0 0.3-0.3 0.3-0.3 -0.2-0.2-0.4-0.1-0.6-0.1 1-1 2.2-1.5 3.3-2.3 0.3-0.2 0.7-0.3 0.7-0.7C208 0 208.1 0 208.2 0zM205.8 3.9c-0.4-0.2-0.7-0.2-1 0.1 0 0 0 0.3 0.1 0.3C205.3 4.4 205.5 4.1 205.8 3.9zM199.2 6.5c0.3 0 0.4-0.2 0.4-0.4 0-0.1-0.1-0.3-0.2-0.3C199.2 5.9 199 6 199 6.3 199 6.4 199.2 6.5 199.2 6.5z"/>
    <path class="st1" d="M0 118.6c5.4-0.1 10.9-0.2 16.3-0.2 0.7 0 1-0.3 1.2-0.9 1.6-4.5 3.2-9 4.7-13.4 0.1-0.3 0.3-0.7 0.5-1.3 0.9 2.5 1.7 4.8 2.5 7.1 0.9 2.5 1.8 5.1 2.7 7.6 0.3 0.8 0.6 1 1.4 1 5.3 0 10.6 0 15.9 0 0 0.1 0.1 0.3 0.1 0.4 -0.3 0.2-0.6 0.4-0.8 0.6 -3.8 2.7-7.6 5.5-11.5 8.2 -1 0.7-1.2 1.3-0.8 2.4 1.5 4.3 2.8 8.6 4.2 12.9 0.1 0.3 0.3 0.6 0.2 1.1 -0.4-0.3-0.8-0.5-1.1-0.7 -3.9-2.7-7.9-5.3-11.8-8 -0.8-0.5-1.2-0.5-2 0 -3.9 2.7-7.8 5.3-11.7 8 -0.4 0.3-0.7 0.5-1.4 0.9 0.9-2.9 1.7-5.4 2.6-8 0.8-2.4 1.5-4.7 2.3-7.1 0.2-0.5 0.2-0.8-0.3-1.2 -4.3-3-8.6-6.1-12.8-9.2 -0.1-0.1-0.2-0.1-0.4-0.1C0 118.8 0 118.7 0 118.6z"/>
    <path class="st1" d="M98 245.5c-4.4-3-8.6-5.8-12.7-8.6 -1.1-0.8-1.8-0.8-2.9 0 -4.1 2.9-8.3 5.6-12.7 8.6 0.9-2.8 1.7-5.3 2.5-7.8 0.8-2.4 1.5-4.7 2.3-7.1 0.3-0.8 0.1-1.2-0.5-1.7 -3.9-2.7-7.8-5.5-11.6-8.3 -0.4-0.3-0.7-0.5-1-1.1 2.1 0 4.2 0 6.3 0 3.2 0 6.3-0.1 9.5-0.1 0.9 0 1.3-0.3 1.6-1.1 1.5-4.4 3.1-8.8 4.6-13.2 0.1-0.4 0.3-0.8 0.5-1.3 1.5 4.3 3 8.4 4.4 12.5 1.1 3.2 1.1 3.2 4.5 3.2 4.3 0 8.5 0.1 12.8 0.1 0.2 0 0.5 0 1.1 0.1 -0.6 0.4-0.9 0.7-1.3 0.9 -3.8 2.7-7.7 5.5-11.5 8.2 -0.8 0.6-1 1-0.7 1.9C94.8 235.6 96.3 240.4 98 245.5z"/>
    <path class="st1" d="M192.5 245.1c0.7-3.1 1.9-6.1 2.8-9.1 0.5-1.8 1.1-3.6 1.8-5.4 0.3-0.7 0.1-1.1-0.5-1.5 -3.9-2.7-7.8-5.5-11.6-8.3 -0.4-0.3-0.7-0.5-1.1-0.9 0.5-0.4 1-0.2 1.4-0.2 4.9-0.1 9.8-0.1 14.7-0.1 0.8 0 1.1-0.3 1.3-1 1.5-4.4 3.1-8.8 4.7-13.2 0.1-0.4 0.3-0.8 0.5-1.5 0.4 1 0.7 1.8 1 2.6 1.4 4 2.8 7.9 4.2 11.9 0.3 0.9 0.7 1.1 1.6 1.1 4.8 0 9.6 0.1 14.4 0.1 0.4 0 0.9-0.2 1.4 0.2 -1.1 0.8-2.1 1.6-3.2 2.3 -3.1 2.3-6.3 4.5-9.5 6.7 -0.7 0.5-0.9 0.9-0.6 1.7 1.5 4.3 2.8 8.6 4.2 13 0.2 0.5 0.4 0.9 0.3 1.5 -0.5 0.1-0.8-0.3-1.1-0.5 -3.9-2.7-7.9-5.3-11.8-8 -0.8-0.5-1.3-0.5-2.1 0 -3.9 2.7-7.8 5.3-11.7 7.9C193.3 244.8 193 245.3 192.5 245.1L192.5 245.1z"/>
    <path class="st1" d="M251.3 160.8c1.8 5 3.5 9.8 5.1 14.6 0.3 0.9 0.7 1.1 1.6 1.1 5 0 10 0.1 15 0.1 0.2 0 0.5-0.1 0.8 0.2 -1.9 1.4-3.8 2.7-5.7 4.1 -2.3 1.6-4.5 3.3-6.8 4.8 -0.8 0.6-1 1-0.7 2 1.5 4.4 2.9 8.9 4.4 13.3 0.1 0.4 0.2 0.7 0.4 1.3 -3.5-2.4-6.9-4.7-10.3-7 -1.3-0.8-2.5-2.3-3.8-2.4 -1.3-0.1-2.5 1.5-3.8 2.3 -3.4 2.3-6.8 4.6-10.4 7 0.7-2 1.2-3.8 1.8-5.6 1-3.1 2-6.2 3-9.2 0.3-0.8 0.1-1.2-0.6-1.7 -3.9-2.7-7.8-5.5-11.6-8.3 -0.4-0.3-0.7-0.5-1-1.1 1.6 0 3.2 0 4.9 0 3.7 0 7.3-0.1 11-0.1 0.8 0 1.2-0.2 1.4-1 1.6-4.6 3.2-9.1 4.8-13.7C251 161.6 251.1 161.3 251.3 160.8z"/>
    <path class="st1" d="M61.1 176.9c-4.1 3-8.2 6-12.4 8.8 -1 0.7-1.1 1.2-0.7 2.2 1.5 4.4 2.9 8.9 4.3 13.3 0.1 0.3 0.2 0.6 0.3 1.2 -3.8-2.6-7.4-5-10.9-7.4 -1-0.7-2.1-1.9-3.2-1.9 -1 0-2 1.2-3.1 1.8 -3.6 2.4-7.2 4.9-11.1 7.5 0.8-2.4 1.4-4.4 2.1-6.5 0.9-2.8 1.8-5.6 2.7-8.4 0.3-0.8 0.1-1.2-0.6-1.6 -3.8-2.6-7.5-5.3-11.2-8 -0.5-0.4-1-0.7-1.5-1.4 1.7 0 3.3 0 5 0 3.7 0 7.3-0.1 11-0.1 0.8 0 1.2-0.3 1.4-1.1 1.6-4.6 3.2-9.2 4.9-13.8 0.1-0.2 0.1-0.4 0.4-0.6 0.8 2.2 1.6 4.4 2.4 6.7 0.9 2.5 1.8 5.1 2.7 7.6 0.3 0.9 0.8 1.2 1.7 1.2 5.2 0 10.4 0 15.6 0C61 176.6 61 176.8 61.1 176.9z"/>
    <path class="st1" d="M24.5 84.7c0.9-2.8 1.8-5.6 2.7-8.4 0.7-2 1.3-4.1 2-6.1 0.3-0.8 0.1-1.2-0.6-1.6 -4.3-3-8.5-6.1-12.7-9.4 1.6 0 3.3 0 4.9 0 3.7 0 7.3-0.2 11-0.1 0.9 0 1.2-0.3 1.5-1.1 1.5-4.4 3.1-8.8 4.6-13.2 0.1-0.4 0.1-0.8 0.6-1.1 1.7 4.7 3.3 9.3 4.9 14 0.3 1 0.8 1.4 1.9 1.4 5.1 0 10.1 0.1 15.2 0.2 0.1 0 0.3 0 0.7 0 -3.3 2.4-6.4 4.6-9.5 6.8 -1.1 0.8-2.2 1.7-3.4 2.4 -0.8 0.5-0.9 1-0.6 1.8 1.5 4.5 3 9 4.4 13.5 0.1 0.2 0.1 0.5 0.2 0.9 -0.5-0.3-0.8-0.4-1.1-0.6 -4-2.7-8-5.4-12-8.2 -0.7-0.5-1.2-0.5-1.9 0 -3.9 2.7-7.9 5.4-11.9 8.1C25.3 84.3 25.1 84.7 24.5 84.7z"/>
    <path class="st1" d="M97.9 41.9c-3-2-5.7-3.9-8.5-5.7 -1.6-1.1-3.2-2.1-4.8-3.3 -0.7-0.5-1.1-0.4-1.8 0C79 35.7 75 38.4 71 41.1c-0.3 0.2-0.7 0.5-1.3 0.9 0.7-2 1.2-3.8 1.8-5.6 1-3.1 2-6.2 3-9.2 0.3-0.8 0.1-1.2-0.5-1.7 -3.9-2.8-7.8-5.6-11.7-8.4 -0.3-0.2-0.7-0.5-1.3-1 1.4 0 2.5 0 3.6 0C68.7 16.1 73 16 77.2 16c0.8 0 1.2-0.3 1.4-1.1 1.5-4.4 3.1-8.7 4.6-13.1 0.2-0.4 0.3-0.9 0.6-1.5 1 2.9 2 5.5 2.9 8.2 0.8 2.2 1.6 4.3 2.3 6.5 0.2 0.7 0.6 0.9 1.4 0.9 5.3 0 10.6 0 16 0 -0.1 0.7-0.5 0.8-0.8 1 -4 2.8-7.9 5.7-11.9 8.5 -0.7 0.5-0.8 0.9-0.5 1.7 1.5 4.4 2.9 8.8 4.3 13.2C97.6 40.8 97.7 41.2 97.9 41.9z"/>
    <path class="st1" d="M131.2 261c1.6-4.9 3-9.5 4.6-14.1 0.4-1.3 0.3-2-0.9-2.8 -4.1-2.8-8.1-5.7-12.1-8.9 1.6 0 3.3 0 4.9 0 3.7 0 7.4-0.1 11.1-0.1 0.8 0 1.1-0.3 1.3-1 1.6-4.5 3.2-9 4.8-13.6 0.1-0.3 0.2-0.6 0.4-1.1 1 2.8 1.9 5.4 2.8 8 0.8 2.2 1.6 4.4 2.3 6.7 0.3 0.8 0.6 1 1.4 1 5.1 0 10.3 0.1 15.4 0.2 0.2 0 0.3 0 0.8 0 -1.7 1.2-3.1 2.2-4.5 3.2 -2.8 2-5.5 4-8.3 5.9 -0.8 0.5-1 1-0.7 1.9 1.6 4.5 3 9.1 4.5 13.7 0.1 0.2 0.1 0.5 0.3 1 -2.3-1.6-4.4-3-6.5-4.4 -2.3-1.6-4.6-3.1-6.9-4.7 -0.6-0.4-1-0.4-1.5 0 -3.8 2.6-7.6 5.2-11.4 7.7C132.6 260.1 132.1 260.4 131.2 261z"/>
    <path class="st1" d="M163.8 79.4c-0.5 0.8-0.3 1.4-0.3 2 -0.1 5.2-0.3 10.4-0.4 15.7 0 1-0.3 1.6-1.4 1.5 0 0-0.1 0-0.1 0 -3.5 0.4-3.8 0.1-3.6-3.3 0.3-8.1 0.7-16.2 0.9-24.3 0-1 0.3-1.5 1.3-1.4 0.1 0 0.3 0 0.4 0 4.1-0.4 4.4-0.3 5.9 3.6 1.7 4.2 3.4 8.5 5.2 12.9 1.3-3.1 2.4-5.9 3.6-8.8 0.9-2.2 1.9-4.4 2.7-6.6 0.3-0.7 0.6-1 1.4-1 1.2-0.1 2.4-0.1 3.7 0 0.8 0.1 1.1 0.3 1.1 1.2 0.3 7.4 0.7 14.7 1 22.1 0.1 1.6 0.1 3.2 0.2 4.8 0 0.6-0.1 0.9-0.8 1 -1.3 0.1-2.6 0.2-3.9 0 -0.7-0.1-0.9-0.4-0.9-1 -0.2-5.3-0.3-10.6-0.5-15.9 0-0.6-0.1-1.2-0.4-1.9 -1.1 2.6-2.2 5.1-3.3 7.7 -0.6 1.3-1.2 2.6-1.7 3.9 -0.3 0.9-0.8 1.2-1.7 1.2 -0.2 0-0.3 0-0.5 0 -2.7 0.2-2.7 0.2-3.7-2.4C166.6 86.6 165.2 83.1 163.8 79.4z"/>
    <path class="st1" d="M198.6 79.4c-0.2 6-0.4 12-0.5 18 0 0.7-0.2 0.9-0.9 1 -1.3 0.2-2.7 0.4-3.7-0.2 -1.3-0.7-0.5-2.3-0.4-3.4 0.3-8.2 0.6-16.3 0.9-24.5 0-0.6 0.2-0.9 0.8-0.9 1.5-0.1 2.9-0.2 4.4 0 0.8 0.1 1.1 0.4 1.4 1.1 1.9 4.8 3.8 9.5 5.7 14.3 0.1 0.3 0.2 0.5 0.3 0.8 0.4-0.3 0.5-0.8 0.7-1.2 1.9-4.7 3.9-9.3 5.8-14 0.3-0.7 0.7-1 1.4-1.1 1.3-0.1 2.6-0.1 3.9 0 0.6 0.1 0.8 0.3 0.8 0.9 0.2 5.8 0.5 11.5 0.8 17.3 0.1 3.1 0.3 6.2 0.5 9.3 0.1 1-0.2 1.4-1.2 1.5 -1.1 0-2.2 0.1-3.3 0 -0.8-0.1-1.1-0.3-1.1-1.2 -0.2-5.5-0.4-11-0.6-16.5 0-0.3-0.1-0.7-0.1-1 -0.6 0.2-0.6 0.7-0.7 1.1 -1.5 3.5-3.1 7-4.5 10.5 -0.3 0.8-0.8 1.1-1.6 1.1 0 0-0.1 0-0.1 0 -3.1 0.3-3.1 0.3-4.2-2.6 -1.3-3.2-2.5-6.4-3.8-9.6 -0.1-0.3-0.3-0.7-0.5-1C198.8 79.4 198.7 79.4 198.6 79.4z"/>
    <path class="st1" d="M151 84c0 1.9-0.2 3.7-0.6 5.5 -1.6 6.5-6.5 9.8-13.2 9.2 -5.3-0.5-8.6-3.3-10.1-8.3 -1.4-4.5-1.3-9.1 0.2-13.5 1.8-5.2 6.2-8.2 11.7-7.8 6.7 0.4 10.7 4.1 11.8 10.8C150.9 81.3 151.1 82.7 151 84zM132.4 84.1c0.1 0.9 0.1 1.9 0.2 2.8 0.1 1.3 0.4 2.6 1 3.8 1 2.2 2.7 3.3 5.1 3.3 2.4 0 4.2-1.1 5-3.3 1.6-4.1 1.5-8.3 0.3-12.4 -0.8-2.7-2.6-4-5.2-4 -2.5 0-4.4 1.3-5.4 3.8C132.6 79.9 132.4 82 132.4 84.1z"/>
    <path class="st1" d="M273.2 98.3c-2 0.2-3.8 0.3-5.6 0.1 -0.6-0.1-1-0.3-1.3-0.8 -2.2-4-4.4-7.9-6.7-11.9 -0.4-0.7-0.3-1 0.4-1.3 1-0.4 2-1 2.8-1.7 2-1.7 2.6-4.2 1.5-6.4 -0.9-1.7-3.3-2.7-5.6-2.3 -0.8 0.1-0.6 0.7-0.6 1.1 0 5.5 0 11 0 16.6 0 1.8-0.1 3.5 0 5.3 0.1 1.1-0.3 1.3-1.3 1.4 -1.3 0-2.5 0.1-3.8 0 -0.7 0-0.8-0.3-0.8-0.9 0-9 0-18 0-27.1 0-0.4-0.1-0.8 0.6-0.9 4.1-0.4 8.1-0.9 12.1 0.4 3.2 1 5.4 3 5.9 6.5 0.5 3.7-0.5 6.8-3.7 9 -0.7 0.5-0.9 0.8-0.4 1.6 2.1 3.5 4.1 7.1 6.1 10.6C273 97.9 273.1 98 273.2 98.3z"/>
    <path class="st1" d="M305.1 83.9c0-4.4 0-8.8 0-13.1 0-0.9 0.2-1.2 1.2-1.2 4.7 0.1 9.4 0 14.2 0 0.8 0 1.2 0.1 1.2 1 0 0 0 0.1 0 0.1 0.5 3.6 0.3 3.9-3.3 3.9 -2.1 0-4.3 0-6.4 0 -0.7 0-0.9 0.2-0.9 0.9 0 1.5 0 2.9 0 4.4 0 0.7 0.2 0.9 0.9 0.9 2.1 0 4.2 0 6.3 0 1 0 1.2 0.4 1.3 1.2 0.3 3.9 0.3 3.9-3.5 3.9 -1.3 0-2.6 0-3.9 0 -0.7 0-1.1 0.2-1 1 0.1 1.9 0 3.8 0 5.7 0 0.7 0.2 0.9 0.9 0.9 2.9 0 5.9 0 8.8 0 0.7 0 1.1 0.1 1.1 0.9 0 0.1 0 0.2 0 0.2 0.5 3.5 0.2 3.9-3.2 3.9 -4.2 0-8.3 0-12.5 0 -0.8 0-1.1-0.2-1.1-1.1C305.1 92.8 305.1 88.4 305.1 83.9z"/>
    <path class="st1" d="M228.4 83.9c0-4.4 0-8.8 0-13.1 0-0.9 0.2-1.2 1.1-1.1 4.8 0 9.5 0 14.3 0 0.7 0 1.1 0.2 1.1 1 0.1 1.1 0.1 2.1 0 3.1 0 0.8-0.3 1-1.1 1 -2.8 0-5.6 0-8.3 0 -1 0-1.2 0.3-1.2 1.2 0.1 1.2 0.1 2.4 0 3.7 -0.1 1.1 0.3 1.3 1.4 1.3 2-0.1 4 0 5.9 0 0.9 0 1.1 0.3 1.2 1.1 0.5 3.8 0.3 4-3.5 4 -1.3 0-2.6 0-3.9 0 -0.7 0-1.1 0.1-1 1 0.1 1.9 0 3.8 0 5.7 0 0.7 0.2 0.9 0.9 0.9 2.9 0 5.9 0 8.8 0 0.8 0 1.1 0.2 1.1 1 0 0.2 0.1 0.4 0.1 0.6 0.3 3.2 0.1 3.5-3.1 3.5 -4.2 0-8.3 0-12.5 0 -1 0-1.3-0.2-1.3-1.2C228.5 92.7 228.4 88.3 228.4 83.9z"/>
    <path class="st1" d="M86.4 98.3c-2.4 0-4.9 0-7.3 0 -0.7 0-0.9-0.2-0.9-0.9 0-9 0-17.9 0-26.9 0-0.8 0.3-1 1-0.9 4.8 0 9.5 0 14.3 0 0.9 0 1.1 0.3 1.2 1.2 0.3 3.9 0.3 3.9-3.5 3.9 -2 0-4 0-6.1 0 -0.8 0-1.1 0.1-1.1 1 0.1 1.3 0.1 2.6 0 3.9 -0.1 0.9 0.2 1.3 1.2 1.2 2.1-0.1 4.1 0 6.2 0 0.8 0 1.1 0.2 1.1 1 0 0.1 0 0.2 0 0.2 0.5 3.5 0.2 3.9-3.2 3.9 -1.5 0-2.9 0-4.4 0 -0.6 0-0.8 0.2-0.8 0.8 0 1.9 0.1 3.9 0 5.8 0 0.8 0.3 1 1 1 2.9 0 5.8 0 8.7 0 0.8 0 1.1 0.2 1.2 1 0.4 4 0.4 4-3.6 4C89.7 98.3 88 98.3 86.4 98.3z"/>
    <path class="st1" d="M156.3 124.6c0-3 0.4-6 1.7-8.7 2.3-4.6 6.1-6.4 11.1-6.2 4.9 0.2 8.4 2.5 10.1 7 1.9 5.1 1.9 10.3 0.1 15.4 -1.9 5.3-7 8-12.9 7 -5.4-0.9-8.8-4.6-9.7-10.6C156.4 127.3 156.3 126 156.3 124.6zM176.2 124.6c-0.1-2.4-0.2-4.8-1.3-7 -1.3-2.8-3.4-4.2-6.4-4.2 -3.1 0-5.3 1.4-6.5 4.2 -1.9 4.7-1.9 9.5 0 14.1 1.2 2.9 3.5 4.2 6.6 4.1 3.1-0.1 5.1-1.6 6.3-4.4C175.9 129.3 176.1 127 176.2 124.6z"/>
    <path class="st1" d="M283.8 84c0.1 1.8 0.2 3.6 0.9 5.2 1 2.6 3 4 5.7 4.4 2 0.3 4 0.2 5.9-0.5 0.8-0.3 1.1-0.1 1.4 0.7 1.4 4.4 1.6 3.9-2.6 4.7 -3.6 0.7-7.3 0.6-10.6-1.2 -4.9-2.6-6.6-7.2-6.9-12.4 -0.2-2.8 0.3-5.5 1.4-8.1 2.3-5.1 7.1-8 12.6-7.7 1.9 0.1 3.9 0.3 5.7 0.9 0.7 0.3 1.1 0.6 0.8 1.4 -0.1 0.2 0 0.3-0.1 0.5 -0.3 0.9-0.4 2-1 2.7 -0.7 0.9-1.7-0.2-2.6-0.2 -1 0-2.1-0.3-3.1-0.2 -4.2 0.5-6.6 2.8-7.1 7.2C283.9 82.2 283.9 83.1 283.8 84z"/>
    <path class="st1" d="M100.4 84c0-2.5 0.4-4.9 1.4-7.1 2.4-5.5 7.4-8.3 14.1-7.7 1.5 0.1 3 0.4 4.4 0.9 0.6 0.2 0.8 0.5 0.7 1.1 -0.2 1.2-0.7 2.3-1 3.4 -0.3 0.7-0.7 0.4-1.1 0.3 -1.8-0.5-3.6-0.8-5.5-0.5 -2.9 0.4-4.8 2-5.8 4.6 -1.2 3.3-1.2 6.7-0.1 10 0.9 2.8 3 4.3 5.9 4.6 2 0.2 4 0.1 5.9-0.5 0.7-0.2 1-0.1 1.2 0.5 0.4 1.1 0.7 2.2 0.9 3.3 0.1 0.4 0 0.7-0.4 0.9 -5 2.4-13.3 1-16.9-3C101.2 91.7 100.4 88 100.4 84z"/>
    <path class="st1" d="M143 126.9c2.7 4 5.4 7.9 8.2 11.9 -1.5 0.4-2.8 0.3-4.2 0.1 -0.4 0-0.6-0.3-0.9-0.7 -2.7-4-5.5-8-8.3-11.9 -0.6-0.8-0.4-1 0.5-1.2 2-0.6 3.9-1.4 5.2-3.2 2.5-3.4 0.6-8.1-3.6-8.6 -1-0.1-2.1-0.1-3.1-0.1 -0.8 0-1 0.3-1 1.1 0 3.9 0 7.8 0 11.8 0 3.9 0 7.8 0 11.6 0 0.9-0.2 1.4-1.1 1.3 0 0-0.1 0-0.1 0 -2.8 0.3-2.8 0.3-2.8-2.6 0-8.4 0-16.8 0-25.2 0-0.9 0.2-1.2 1.2-1.3 2.8-0.2 5.6-0.4 8.4 0 4 0.6 6.7 2.9 7.5 6.3 0.8 3.8-0.7 7.3-4.1 9.5C144.2 126.2 143.6 126.5 143 126.9z"/>
    <path class="st1" d="M102 120.3c0-3 0-6.1 0-9.1 0-0.9 0.3-1.1 1.1-1.2 3.1-0.2 3.1-0.2 3.1 2.9 0 4.8 0 9.5 0 14.3 0 1.5 0.2 2.9 0.5 4.4 0.7 2.7 2.4 4 5.2 4 3.3 0 5.1-1.1 5.8-3.9 0.4-1.4 0.6-2.9 0.6-4.4 0-5.4 0-10.7 0-16.1 0-1 0.3-1.2 1.2-1.3 3-0.1 3.1-0.1 3 2.8 -0.1 5.6 0.2 11.2-0.1 16.8 0 0.9-0.2 1.8-0.4 2.7 -1.1 4.2-3.7 6.5-8.1 6.9 -1.2 0.1-2.5 0.1-3.7-0.1 -5-0.7-7.7-3.9-8.1-9.6C102 126.6 102.1 123.5 102 120.3z"/>
    <path class="st1" d="M188.7 124.5c0-4.4 0-8.8 0-13.3 0-0.9 0.3-1.2 1.2-1.3 2.9-0.2 5.8-0.5 8.7 0 5.7 0.9 8.6 4.9 7.7 10.6 -0.6 4.5-3.4 7.1-8 7.8 -1.4 0.2-2.8 0.4-4.3 0.2 -0.8-0.1-1.2 0.1-1.1 1 0.1 2.7 0 5.5 0 8.2 0 0.8-0.2 1.1-1 1.1 -3.2 0.3-3.2 0.3-3.2-2.9C188.7 132.3 188.7 128.4 188.7 124.5zM192.9 119.1c0 0.8 0 1.5 0 2.3 0 4.1 0 4.1 4.2 3.6 2.8-0.4 4.5-1.9 4.9-4.6 0.7-3.8-1.2-6.5-4.9-6.9 -1.1-0.1-2.3 0-3.4-0.1 -0.6 0-0.8 0.3-0.8 0.9C193 115.8 192.9 117.5 192.9 119.1z"/>
    <path class="st1" d="M213.6 124.5c0-4.4 0-8.8 0-13.1 0-0.8 0.2-1.2 1.1-1.1 4.6 0 9.2 0.1 13.8 0 0.9 0 1 0.3 1 1.1 0 2.5 0.1 2.5-2.5 2.5 -2.7 0-5.5 0-8.2 0 -0.8 0-1.1 0.1-1.1 1 0.1 2.1 0.1 4.1 0 6.2 0 0.8 0.3 1 1 1 2.4 0 4.8 0 7.2 0 0.9 0 1.2 0.2 1.3 1.2 0.1 2.5 0.1 2.5-2.3 2.5 -2.1 0-4.1 0-6.2 0 -0.7 0-1 0.2-0.9 0.9 0 2.7 0 5.3 0 8 0 0.8 0.3 0.9 1 0.9 3.3 0 6.6 0 9.9 0 1 0 1.4 0.3 1.3 1.2 0 0.1 0 0.2 0 0.3 0.1 2.1 0.1 2.1-1.9 2.1 -4.3 0-8.7 0-13 0 -1 0-1.4-0.2-1.3-1.3C213.6 133.3 213.6 128.9 213.6 124.5z"/>
    <path class="st1" d="M78.9 124.5c0-4.4 0-8.8 0-13.1 0-1 0.3-1.2 1.2-1.2 4.5 0 8.9 0.1 13.4 0 1 0 1.4 0.3 1.4 1.2 0 0.3 0 0.7 0 1 0.1 1.1-0.3 1.4-1.4 1.4 -3.1-0.1-6.2 0-9.4-0.1 -0.8 0-1.1 0.2-1.1 1 0.1 2 0.1 4 0 6.1 0 0.9 0.3 1.1 1.2 1.1 2.4-0.1 4.9 0 7.3 0 0.7 0 0.9 0.2 1 0.9 0.3 2.5 0.1 2.8-2.3 2.8 -2.1 0-4.2 0-6.3 0 -0.7 0-0.9 0.2-0.9 0.9 0 2.7 0 5.4 0 8.1 0 0.7 0.3 0.8 0.9 0.8 3.3 0 6.6 0.1 9.9 0 1.2 0 1.5 0.4 1.4 1.4 0 0.1 0 0.2 0 0.3 0 1.9 0 1.9-1.9 1.9 -4.4 0-8.9 0-13.3 0 -0.9 0-1.1-0.2-1.1-1.1C78.9 133.4 78.9 128.9 78.9 124.5z"/>
    <path class="st1" d="M233.2 55.4c-0.9 0.9-1.7 1.8-2.9 2.4 -1.1 0.5-2.1 0.7-3.3 0.6 -2.1-0.2-3.4-1.5-3.4-3.6 -0.1-2.9 0.8-5.6 1.2-8.4 0.2-1.2 0.5-2.5 0.6-3.7 0.1-0.9 0.4-1.4 1.4-1.3 0.2 0 0.3-0.1 0.5-0.1 1.6 0 1.6 0.1 1.4 1.7 -0.5 3-1.1 6-1.6 9.1 -0.2 0.9-0.2 1.8 0.2 2.6 0.5 0.9 1.9 1.2 3.2 0.6 1.4-0.7 2.2-2 2.8-3.3 1.2-2.5 1.5-5.3 2-8 0-0.1 0-0.3 0-0.4 0.4-2.2 0.5-2.3 2.7-2.1 0.9 0.1 0.9 0.4 0.8 1.1 -0.6 3-1.1 6-1.6 8.9 -0.3 1.9-0.8 3.8-0.7 5.8 0.1 0.8-0.2 1.1-1 1 -0.3 0-0.7 0-1 0 -0.9 0.1-1.2-0.3-1.2-1.2 0-0.5 0-1 0-1.5 0-0.1 0.1-0.3 0-0.3C233.2 55.1 233.2 55.3 233.2 55.4z"/>
    <path class="st1" d="M246.6 58.4c-0.9 0.1-1.9-0.1-2.9-0.3 -1.4-0.3-1.8-1.6-0.8-2.7 0.3-0.4 0.7-0.2 1-0.1 1.5 0.4 3 0.6 4.6 0.4 1.5-0.2 2.3-1 2.4-2.2 0.2-1.4-0.7-2.1-1.8-2.6 -0.7-0.3-1.3-0.6-2-0.8 -3.5-1.4-3-5.8-0.9-7.5 2-1.6 6.7-2 8.9-0.7 0.5 0.3 0.3 0.5 0.2 0.9 -0.5 1.7-0.5 1.7-2.1 1.3 -1.3-0.3-2.6-0.5-3.9-0.1 -0.8 0.2-1.4 0.7-1.5 1.6 -0.1 1 0.3 1.6 1.2 2 0.8 0.4 1.6 0.7 2.4 1.1 3.4 1.7 3.8 5.9 0.7 8.2C250.9 58 249.2 58.4 246.6 58.4z"/>
    <path class="st1" d="M201.6 41.5c1.1 0 2.1 0 3.2 0 0.7 0 0.9 0.1 0.9 0.9 -0.1 1.7-0.2 1.8-1.8 1.8 -2.6 0-2.6 0-3.1 2.6 -0.4 2.1-0.8 4.1-1.1 6.2 -0.3 2.3 0.4 3 2.7 2.6 0.5-0.1 1.2-0.4 1.1 0.5 -0.1 0.7 0.7 1.8-0.7 2 -1.3 0.2-2.6 0.2-3.9 0 -1.6-0.3-2.5-1.4-2.5-3 0-3.2 0.9-6.2 1.4-9.3 0.2-1.6 0.3-1.6-1.3-1.6 -0.4 0-1.1 0.3-1-0.5 0.1-0.8-0.3-1.9 0.9-2.2 0.6-0.1 1.6 0.3 1.9-0.2 0.5-0.7 0.4-1.8 0.5-2.7 0.1-0.6-0.2-1.3 0.8-1.5 2.8-0.6 2.5-0.5 2.4 2C201.9 39.9 201.7 40.6 201.6 41.5z"/>
    <path class="st1" d="M265.6 58.4c-0.7-0.1-1.3-0.1-1.9-0.2 -1.7-0.3-2.6-1.3-2.7-3 -0.1-2.2 0.6-4.3 0.9-6.5 0.2-1.2 0.4-2.3 0.6-3.5 0.2-0.9-0.1-1.1-0.9-1.1 -0.5 0-1.5 0.6-1.4-0.7 0.1-1.6 0.4-2 1.6-1.9 1.2 0.1 1.7-0.3 1.7-1.5 0-0.6 0.2-1.2 0.1-1.8 0-0.6 0.2-0.9 0.8-1.1 2.3-0.8 2.7-0.4 2.4 2 -0.3 2.3-0.3 2.3 1.9 2.3 0.1 0 0.2 0 0.3 0 1.6 0 2 0.7 1.3 2.2 -0.1 0.3-0.2 0.4-0.5 0.4 -0.2 0-0.3 0-0.5 0 -1.1 0.1-2.4-0.5-3.1 0.3 -0.6 0.7-0.5 2-0.7 3 -0.3 1.8-0.7 3.6-1 5.3 -0.4 2.4 0.4 3.1 2.8 2.8 0.5-0.1 1-0.3 1 0.5 0 0.7 0.6 1.7-0.6 2C266.9 58.3 266.2 58.3 265.6 58.4z"/>
    <path class="st1" d="M214.3 44.1c1.5-1.7 3-2.8 5.1-2.7 0.8 0 1 0.3 0.9 1.1 -0.2 1.2-0.4 2.1-2 2 -1.8-0.1-3 1.1-3.8 2.7 -1 2-1.2 4.3-1.6 6.4 -0.2 1.1-0.4 2.2-0.6 3.4 -0.1 0.9-0.5 1.4-1.4 1.2 -0.4 0-0.8 0-1.1 0 -0.8 0-0.9-0.3-0.8-1 0.7-3.6 1.3-7.3 1.9-10.9 0.2-1.3 0.5-2.7 0.4-4 0-0.6 0.1-0.9 0.7-0.8 0.2 0 0.3 0 0.5 0 1.8-0.1 1.9 0 1.9 1.8C214.3 43.4 214.3 43.6 214.3 44.1z"/>
    <path class="st1" d="M192.5 245.1c0 0.1 0 0.1 0 0.2 0 0-0.1 0-0.1 0C192.4 245.2 192.4 245.1 192.5 245.1 192.5 245.1 192.5 245.1 192.5 245.1z"/>
    <path class="st2" d="M209.7 6.1c-0.6 0.6-1.3 1.1-2.1 1.4 0.3-0.9 1.2-1.1 1.9-1.6C209.6 6 209.7 6.1 209.7 6.1z"/>
    <path class="st2" d="M205.8 3.9c-0.3 0.3-0.6 0.5-0.9 0.4 -0.1 0-0.1-0.3-0.1-0.3C205.1 3.7 205.4 3.7 205.8 3.9z"/>
    <path class="st2" d="M199.2 6.5c-0.1-0.1-0.2-0.1-0.2-0.2 0-0.3 0.2-0.4 0.5-0.5 0 0 0.2 0.2 0.2 0.3C199.7 6.3 199.5 6.5 199.2 6.5z"/>
    <path class="st2" d="M203.8 3c0.2 0 0.5-0.2 0.6 0.1 0 0-0.2 0.3-0.3 0.3C203.7 3.6 203.8 3.3 203.8 3 203.9 3 203.8 3 203.8 3z"/>
    <path class="st2" d="M183.3 20.2c0-0.1 0.1-0.1 0.1-0.2 0 0 0.1 0.1 0.1 0.1C183.5 20.2 183.5 20.2 183.3 20.2 183.4 20.3 183.3 20.2 183.3 20.2z"/>
    <path class="st2" d="M233.2 55.4c0-0.1 0-0.2 0.2-0.2 0 0 0 0.2 0 0.3C233.3 55.5 233.2 55.4 233.2 55.4z"/>
  </svg>

                            </a>

                            <a href="https://legemiddelverket.no/import-og-salg/apotekdrift/registreringsordning-for-netthandel-med-legemidler/godkjente-utsalgssteder#oversikt-over-registrerte-nettsider-for-salg-av-legemidler-utenom-apotek"  target="_blank" rel="nofollow noopener noreferrer" >
                                <img alt="Kolonial.no er godkjent av Statens Legemiddelverk" class="eu-medicine-certificate" src="/static/img/eu-medicine.e5811f20af91.jpg">
                            </a>
                        </div>
                    </div>

                
            </footer>
        </div>
    </div>

    
    <div style="display: none;">
        <div class="popover popover-add-to-list">
    <div class="popover-add-to-list-content">

        <h1>
            Legg i handleliste
        </h1>

        <p class="existing">
            <label for="product-list-selector" class="sr-only">
                <small>Velg en handleliste</small>
            </label>
            <select id="product-list-selector" class="product-list form-control input-sm"></select>
            <small>
                eller <a href="#" class="toggle">lag en ny handleliste</a>
            </small>
        </p>

        <p class="new">
            <label for="new-list-name">
                <small>Lag en ny handleliste</small>
            </label>
            <input type="text" class="list-name form-control input-sm" id="new-list-name" placeholder="Navn (f.eks. ukeshandel)">
            <small>
                eller <a href="#" class="toggle">velg en av listene dine</a>
            </small>
        </p>

        <div class="done">

            <div class="text-center">
                <p class="success">
                    <span class="glyphicon glyphicon-ok"></span><br>
                    Lagt til!
                </p>

                <p>
                    <small>
                        <a href="#">Se handlelisten</a>
                    </small>
                </p>
            </div>

        </div>

        <p>
            <button type="button" name="add" class="btn btn-default btn-sm">
                Legg i handleliste
            </button>
        </p>

    </div>
</div>

    </div>

    
    <div class="modal" id="modal-container" tabindex="-1" role="dialog">
        <div class="modal-dialog modal-md" role="document">
            <div class="modal-content"></div>
        </div>
    </div>

    <div class="cart-backdrop toggle-cart">
        
    </div>

    
    

        
        

            <script type="text/javascript">!function(e,t,n){function a(){var e=t.getElementsByTagName("script")[0],n=t.createElement("script");n.type="text/javascript",n.async=!0,n.src="https://beacon-v2.helpscout.net",e.parentNode.insertBefore(n,e)}if(e.Beacon=n=function(t,n,a){e.Beacon.readyQueue.push({method:t,options:n,data:a})},n.readyQueue=[],"complete"===t.readyState)return a();e.attachEvent?e.attachEvent("onload",a):e.addEventListener("load",a,!1)}(window,document,window.Beacon||function(){});</script><script>window.Beacon('init', '982f3f0c\u002D8858\u002D4b8f\u002D84d6\u002Ded6d84161c71')</script>

            
            

        

        <script>
            $(document).on('click', '[data-action=toggle-faq-search]', function() {
                window.Beacon('open');
            });
        </script>

    





    
    <script src="/static/cache/js/output.48a7567ee653.js"></script>

    
    <script src="/static/cache/js/output.9206a5d75fc9.js"></script>

    

<script src="https://browser.sentry-cdn.com/5.15.4/bundle.min.js" integrity="sha384-Nrg+xiw+qRl3grVrxJtWazjeZmUwoSt0FAVsbthlJ5OMpx0G08bqIq3b/v0hPjhB" crossorigin="anonymous"></script>
    <script>
        Sentry.init({
            dsn: 'https://b650d5e78dfe428d9d6ef6661a696ea9@sentry.io/2825575',
            environment: 'prod'
        });
    </script>



    <script>
        $(function() {

            
            window.pageController = new PageController();

            
            window.cartController = new CartController({
                el: $('#cart-sidebar'),
                cartToggleUrl: '/handlekurv/toggle/',
                checkoutProductsUrl: '/handlekurv/checkout-products/'
            });

            
            window.productList = new ProductListController({
                urlAddCartProducts: '/handlekurv/products/',
                urlAddListProducts: '/handlelister/ajax/0/products/',
                urlListProductLists: '/handlelister/ajax/list/',
                urlCreateProductList: '/handlelister/ajax/new/',
                urlViewProductList: '/handlelister/0/',
                urlPartialCart: '/handlekurv/partial/',
                urlPartialList: '/handlelister/ajax/0/partial/'
            });

            
            window.modalController = new ModalController();

            
            window.deliveryPreselector = new DeliveryPreselector({
                el: $('a[data-action=preselect-delivery]'),
                url: '/handlekurv/utlevering/checkout/modal/?modal'
            });

            
            window.searchController = new SearchController({
                inputEl: $('.navbar-form input'),
                searchUrl: '/sok/autofullfor/',
                boostUrl: '/sok/boost/'
            });

            
            

            
            

        });
    </script>

    
    <!--[if lt IE 9]>
        <script type="text/javascript" src="/static/libs/ie/html5shiv-3.7.3.min.ba846cb704db.js"></script>
        <script type="text/javascript" src="/static/libs/ie/respond-1.4.2.min.a2684e9b8fa5.js"></script>
    <![endif]-->
    <!--[if lte IE 9]>
        <script type="text/javascript" src="/static/libs/ie/jquery.placeholder.28d18b6bc5e8.js"></script>
        <script>
            $(function() {
                $('input, textarea').placeholder();
            });
        </script>
    <![endif]-->


</body>
</html>
