<!DOCTYPE html>
<html lang="nb">
<head>
    <meta charset="utf-8">
    
    <meta name="viewport" content="width=device-width, initial-scale=1.0">
    <meta name="application-name" content="Kolonial.no">
    <meta name="apple-mobile-web-app-title" content="Kolonial.no">
    <meta name="apple-itunes-app" content="app-id=1079537578">
    <meta name="description" content="">
    <meta property="og:site_name" content="Kolonial.no">
    <meta property="fb:app_id" content="685944994762962">
    
        <meta property="og:type" content="website">
        <meta property="og:title" content="Kolonial.no">
        <meta property="og:url" content="https://kolonial.no/">
        <meta property="og:image" content="/static/img/og-1200x630.f2845d3eec83.jpg">
        <meta property="og:description" content="Norges største matbutikk på nett og mobil. Velg blant over 6500 varer til lavpris og kjøp middagen med et klikk.">
    


    <title>Populære varer - Kolonial.no</title>

    
    

    
    <link rel="stylesheet" href="/static/cache/css/output.7b6a48878751.css" type="text/css">

    
    
    

    <!--[if lte IE 9]>
    <link rel="stylesheet" href="/static/cache/css/output.d562478f9fc0.css" type="text/css">
    <![endif]-->


    <link rel="stylesheet" href="/static/cache/css/output.d25e0e229e1a.css" type="text/css">

    

    
    
    <script src="/static/cache/js/output.63fcea2b1fa0.js"></script>


    
    <link rel="icon" type="image/png" href="/static/img/favicon.6a967b912022.png">
    <link rel="icon" type="image/x-icon" href="/static/img/favicon.574261214658.ico">
    <link rel="apple-touch-icon" href="/static/img/apple-touch-icon-57x57-precomposed.20e9e14c0bb7.png">
    <link rel="apple-touch-icon" sizes="76x76" href="/static/img/apple-touch-icon-76x76-precomposed.5669438f3b46.png">
    <link rel="apple-touch-icon" sizes="114x114" href="/static/img/apple-touch-icon-120x120-precomposed.462bd50b937b.png">
    <link rel="apple-touch-icon" sizes="144x144" href="/static/img/apple-touch-icon-144x144-precomposed.d414a43303b4.png">
    <link rel="apple-touch-icon-precomposed" href="/static/img/apple-touch-icon-152x152-precomposed.192370667505.png">
    <link rel="manifest" href="/manifest.json">
    <link rel="mask-icon" href="/static/img/mask-icon.9cdef4a3b7d1.svg" color="#FFA51E">
    <meta name="msapplication-TileImage" content="/static/img/win8-tile-144.950b44ea73cf.png">
    <meta name="msapplication-TileColor" content="#ffa514">
    <meta name="theme-color" content="#ffa514">


    

        
        <script>
            window.dataLayer = window.dataLayer || [];
        </script>

        

            
            
                <script src="https://config.metomic.io/config.js?id=prj:b8506cbc-3b3c-4aa7-8f8a-26ad8d1952e2" crossorigin charset="utf-8"></script>
                <script src="https://consent-manager.metomic.io/embed.js" crossorigin charset="utf-8"></script>
            

            
            

            
            <script>
                window.dataLayer.push({
                    'userLoggedIn': false,
                    'enableRetargeting': true,
                    
                });

                
                

                
                

    if (window.dataLayer) {
        window.dataLayer.push({
            'pageType': 'Popular Products',
            'contentCategory': 'Products',
        });
    }


            </script>

            
            <script>(function(w,d,s,l,i){w[l]=w[l]||[];w[l].push({'gtm.start':
            new Date().getTime(),event:'gtm.js'});var f=d.getElementsByTagName(s)[0],
            j=d.createElement(s),dl=l!='dataLayer'?'&l='+l:'';j.async=true;j.src=
            'https://www.googletagmanager.com/gtm.js?id='+i+dl+'&gtm_auth=38HfzeUfahWoFUKRl5vZjA&gtm_preview=env-2&gtm_cookies_win=x';f.parentNode.insertBefore(j,f);
            })(window,document,'script','dataLayer','GTM-N2Z6BGT');</script>
            

        

    

</head>
<body class=" cart-closed popular-products">


    

        
        <noscript><iframe src="https://www.googletagmanager.com/ns.html?id=GTM-N2Z6BGT&gtm_auth=38HfzeUfahWoFUKRl5vZjA&gtm_preview=env-2&gtm_cookies_win=x"
        height="0" width="0" style="display:none;visibility:hidden"></iframe></noscript>

    




    <a href="#content" class="sr-only sr-only-focusable">Hopp til hovedinnholdet</a>

    
    

    
    
    <div class="hidden" data-csrf-token="7PJOC0DRFgbOYsS7aAA1h6s0BW6Im3HCFJ32EjlV4dNq6EAE00CsdiXdPxFuBL3y"></div>

    <div class="body-wrapper">

        
        <!--[if lte IE 10]>

            <div class="wide-container front-page-messages browser-deprecation-message">
                <div class="alert alert-warning">
                    <div class="content-container">
                        <p>
                            Nettleseren din er utdatert. Dette gjør at opplevelsen din på Kolonial.no blir unødvendig dårlig.
                            Vi anbefaler på det sterkeste at du laster ned en nyere versjon av Internet Explorer, eller en
                            annen, moderne nettleser som <a href="https://www.mozilla.org/nb-NO/firefox/new/" rel="nofollow noopener noreferrer" target="_blank">Firefox</a>.
                        </p>
                    </div>
                </div>
            </div>

        <![endif]-->

        
            <div class="wide-container navbar-wrapper" style="border-bottom: 1px solid #e9e9e9">

                <nav class="navbar navbar-default top-menu">

                    <div class="navbar-header">
                        
                            <button type="button" class="navbar-toggle" data-toggle="collapse" data-target="#navbar-collapse-main">
                                <span class="sr-only">Vis/skjul meny</span>
                                <span class="icon-bar"></span>
                                <span class="icon-bar"></span>
                                <span class="icon-bar"></span>
                            </button>
                            <span class="navbar-collapsed-buttons">
                                <a href="/handlekurv/" class="btn navbar-btn" accesskey="4" title="Handlekurv">
									<svg width="48" height="48" viewBox="0 0 48 48" class="icon icon-cart" xmlns="http://www.w3.org/2000/svg">
	<g>
		<path class="left wheel" d="M21 44C23.2091 44 25 42.2091 25 40C25 37.7909 23.2091 36 21 36C18.7909 36 17 37.7909 17 40C17 42.2091 18.7909 44 21 44Z" stroke-linecap="round" stroke-linejoin="round"/>
		<path class="right wheel" d="M34 44C36.2091 44 38 42.2091 38 40C38 37.7909 36.2091 36 34 36C31.7909 36 30 37.7909 30 40C30 42.2091 31.7909 44 34 44Z" stroke-linecap="round" stroke-linejoin="round"/>
		<path class="cart" d="M10 10H44L39.4415 28.1083C39.3049 28.6488 38.9903 29.1285 38.5477 29.4712C38.1051 29.8139 37.5599 30 36.9985 30H17.0015C16.4401 30 15.8949 29.8139 15.4523 29.4712C15.0097 29.1285 14.6951 28.6488 14.5585 28.1083L10 10Z" stroke-linecap="round" stroke-linejoin="round"/>
		<path class="handle" d="M4 5H6.928C7.46292 4.99997 7.98252 5.17257 8.4043 5.49039C8.82607 5.80822 9.12584 6.25305 9.256 6.75425L10 10" stroke-linecap="round" stroke-linejoin="round"/>
		<path class="semi-circle" d="M16 30H14.8C13.527 30 12.3061 30.5268 11.4059 31.4645C10.5057 32.4021 10 33.6739 10 35C10 36.3261 10.5057 37.5978 11.4059 38.5355C12.3061 39.4732 13.527 40 14.8 40H16" stroke-linecap="round" stroke-linejoin="round"/>
		<path class="line" d="M25 40L30 40" stroke-linecap="round" stroke-linejoin="round"/>
	</g>
</svg>

                                    <span class="cart-count">
                                        
                                            
                                                <span class="sr-only">Ingen varer i handlekurven</span>
                                            
                                        
                                    </span>
                                </a>
                            </span>
                        
                        <a title="Kolonial.no" class="navbar-brand" href="/" accesskey="1">
                            <svg xmlns="http://www.w3.org/2000/svg" viewBox="5.1 246.7 831.1 103.4" class="kolonialno-logo" aria-label="Kolonial.no">
    <title>Kolonial.no</title>
    <path d="M89.7 348.2H19.4c-7.9 0-14.3-6.4-14.3-14.3s6.4-14.3 14.3-14.3h70.2c7.9 0 14.3 6.4 14.3 14.3S97.6 348.2 89.7 348.2z" class="baseline"/>
    <path d="M54.7 310.1l-43.7-34.4c-6.2-4.9-7.3-13.9-2.4-20.1 4.9-6.2 13.9-7.3 20.1-2.4l25.9 20.4 25.8-20.4c6.2-4.9 15.2-3.9 20.2 2.4 4.9 6.2 3.9 15.2-2.3 20.2L54.7 310.1z" class="arrow"/>
    <path d="M514 269.8c-6.3 0-11.4-5.1-11.4-11.4 0-6.4 5.1-11.6 11.5-11.6 6.4 0 11.6 5.2 11.6 11.6C525.6 264.6 520.4 269.8 514 269.8z" class="font"/>
    <path d="M671.1 350.2c-6.3 0-11.4-5.1-11.4-11.4 0-6.4 5.1-11.6 11.5-11.6 6.4 0 11.6 5.2 11.6 11.6C682.7 345 677.5 350.2 671.1 350.2z" class="font"/>
    <path d="M382.7 349.8c-19.7 0-34.6-14.9-34.6-34.6 0-19.7 14.9-34.6 34.6-34.6 19.9 0 34.9 14.9 34.9 34.6C417.6 334.9 402.6 349.8 382.7 349.8zM382.7 296.4c-9.8 0-17.2 8.1-17.2 18.8s7.4 18.8 17.2 18.8c10.1 0 17.5-7.9 17.5-18.8C400.2 304.3 392.8 296.4 382.7 296.4z" class="font"/>
    <path d="M472.4 348.2v-34.1c0-12-4.1-17.9-12.4-17.9 -8.7 0-13.9 6.7-13.9 17.9v34.1h-17.4v-65.9h17.4v6.1c4.4-5 11.3-7.7 19.4-7.7 9.2 0 16.1 3.2 20.1 9.1 3.1 4.8 4.3 10.1 4.3 19.5v39H472.4z" class="font"/>
    <rect x="505.4" y="282.2" width="17.4" height="66" class="font"/>
    <path d="M739 348.2v-34.1c0-12-4.1-17.9-12.4-17.9 -8.7 0-13.9 6.7-13.9 17.9v34.1H695.2v-65.9h17.4v6.1c4.4-5 11.3-7.7 19.4-7.7 9.2 0 16.1 3.2 20.1 9.1 3.1 4.8 4.3 10.1 4.3 19.5v39H739z" class="font"/>
    <path d="M801.3 349.8c-19.7 0-34.6-14.9-34.6-34.6 0-19.7 14.9-34.6 34.6-34.6 19.9 0 34.9 14.9 34.9 34.6C836.2 334.9 821.2 349.8 801.3 349.8zM801.3 296.4c-9.8 0-17.2 8.1-17.2 18.8s7.4 18.8 17.2 18.8c10.1 0 17.5-7.9 17.5-18.8C818.8 304.3 811.4 296.4 801.3 296.4z" class="font"/>
    <path d="M268.4 349.8c-19.7 0-34.6-14.9-34.6-34.6 0-19.7 14.9-34.6 34.6-34.6 19.9 0 34.9 14.9 34.9 34.6C303.3 334.9 288.3 349.8 268.4 349.8zM268.4 296.4c-9.8 0-17.2 8.1-17.2 18.8s7.4 18.8 17.2 18.8c10.1 0 17.5-7.9 17.5-18.8C285.9 304.3 278.6 296.4 268.4 296.4z" class="font"/>
    <path d="M332.7 348.8c-12.3 0-18.8-6.2-18.8-17.8v-80.6h17.4v79c0 2.4 1.1 3.4 3.8 3.4h4.8v16H332.7z" class="font"/>
    <path d="M639.8 348.8c-12.3 0-18.8-6.2-18.8-17.8v-80.6h17.4v79c0 2.4 1.1 3.4 3.8 3.4H647v16H639.8z" class="font"/>
    <path d="M590 282.2v7.3c-5.4-5.6-12.7-8.9-20.7-8.9 -19.2 0-33.8 14.9-33.8 34.6 0 19.7 14.5 34.6 33.8 34.6 8.1 0 15.4-3.3 20.7-8.8v7.1h15.4v-65.9H590zM570.2 334c-9.8 0-17.2-8.1-17.2-18.8 0-10.7 7.4-18.8 17.2-18.8 10.1 0 17.5 7.9 17.5 18.8C587.6 326.1 580.3 334 570.2 334z" class="font"/>
    <polygon points="212 348.2 173.8 299.4 212 250.4 235 250.4 196.8 299.3 235 348.2 " class="font"/>
    <rect x="155.6" y="250.4" width="18.2" height="97.8" class="font"/>
</svg>

                        </a>
                    </div>

                    
                        <form action="/sok/" class="navbar-form navbar-left" role="search">
                            <div class="form-group">
                                <label for="navbar-search-field" class="sr-only">Søk i varer og kategorier</label>
                                <input type="text" name="q" class="form-control" id="navbar-search-field" placeholder="Søk i 6500 varer!"
                                autocomplete="off" autocorrect="off" autocapitalize="off" spellcheck="false"
                                value="">
                            </div>
                            <button type="submit" class="btn-search">
                                <span class="sr-only">Søk</span>
                                <span class="glyphicon glyphicon-search" title="Søk"></span>
                            </button>
                        </form>
                    

                    <div class="collapse navbar-collapse" id="navbar-collapse-main">

                        
                            <ul class="nav navbar-nav navbar-right">

                                

                                <li class="menu-item-products">
                                    <a class="nav-link" href="/produkter/" accesskey="2" title="Varer">
										<svg width="48" height="48" viewBox="0 0 48 48" class="icon icon-products" xmlns="http://www.w3.org/2000/svg">
	<g class="products">
		<g class="cup">
			<path class="main cup" d="M6 22V39.3684C6 40.5968 6.50571 41.7749 7.40589 42.6434C8.30606 43.512 9.52696 44 10.8 44H24C25.273 44 26.4939 43.512 27.3941 42.6434C28.2943 41.7749 28.8 40.5968 28.8 39.3684V22H6Z" stroke-linecap="round" stroke-linejoin="round"/>
			<path class="horizontal line" d="M6 34H28.8" stroke-linecap="round" stroke-linejoin="round"/>
			<path class="glance" d="M11 28V39" stroke-linecap="round" stroke-linejoin="round"/>
		</g>
		<g class="bottle">
			<path class="right side" d="M20 44H37.2432C38.5048 44 39.7147 43.5059 40.6068 42.6264C41.4988 41.7469 42 40.5541 42 39.3103V28.1802C41.9995 25.8269 41.5892 23.4911 40.787 21.2747L36.7081 10" stroke-linecap="round" stroke-linejoin="round"/>
			<path class="bottle top" d="M37.012 4H23.988C22.3378 4 21 5.34315 21 7C21 8.65685 22.3378 10 23.988 10H37.012C38.6622 10 40 8.65685 40 7C40 5.34315 38.6622 4 37.012 4Z" stroke-linecap="round" stroke-linejoin="round"/>
			<path class="left side" d="M19 22L24 10" stroke-linecap="round" stroke-linejoin="round"/>
		</g>
	</g>
</svg>

										<span class="nav-link-text">Varer</span>
									</a>
                                </li>

                                
                                    <li class="menu-item-recipes">
                                        <a class="nav-link" href="/oppskrifter/" accesskey="3" title="Oppskrifter">
											<svg width="48" height="48" viewBox="0 0 48 48" xmlns="http://www.w3.org/2000/svg" class="icon icon-fork-knife">
	<g class="fork-knife">
		<g class="knife">
			<path class="knife-handle" d="M32.0548 25L30.0303 38.0367C29.9649 38.531 30.0057 39.0336 30.15 39.5109C30.2944 39.9883 30.539 40.4292 30.8675 40.8044C31.196 41.1796 31.6008 41.4803 32.0548 41.6865C32.5088 41.8927 33.0017 41.9996 33.5003 42C33.999 41.9996 34.4918 41.8927 34.9459 41.6865C35.3999 41.4803 35.8047 41.1796 36.1332 40.8044C36.4617 40.4292 36.7063 39.9883 36.8506 39.5109C36.995 39.0336 37.0358 38.531 36.9703 38.0367L35.5 25" stroke-linecap="round" stroke-linejoin="round"/>
			<path class="knife-blade" d="M36 25H30.8233C30.0745 25 29.3564 24.7025 28.8269 24.1731C28.2975 23.6436 28 22.9255 28 22.1767V12C28 10.4087 28.6321 8.88258 29.7574 7.75736C30.8826 6.63214 32.4087 6 34 6H36V25Z" stroke-linecap="round" stroke-linejoin="round"/>
		</g>
		<g class="fork">
			<g class="fork-handle">
				<path d="M13.5136 26L12.023 38.0367C11.9629 38.5357 12.0208 39.0405 12.193 39.5183C12.3651 39.996 12.6477 40.4361 13.0223 40.8098C13.3969 41.1836 13.8552 41.4827 14.3674 41.6877C14.8796 41.8928 15.4343 41.9992 15.9955 42V42C16.5586 42.0003 17.1156 41.8943 17.6298 41.6888C18.144 41.4834 18.604 41.1832 18.9797 40.8079C19.3553 40.4325 19.6382 39.9905 19.8098 39.5107C19.9813 39.0308 20.0378 38.524 19.9754 38.0233L18.4773 26C18.4129 25.4513 18.1236 24.9433 17.6654 24.5741C17.2071 24.2048 16.6123 24.0003 15.9955 24C15.3787 24.0003 14.7838 24.2048 14.3255 24.5741C13.8673 24.9433 13.5781 25.4513 13.5136 26Z" stroke-linecap="round" stroke-linejoin="round"/>
				<path d="M16 17V23" stroke-linecap="round" stroke-linejoin="round"/>
			</g>
			<g class="fork-teeth">
				<path d="M16 6V11" stroke-linecap="round" stroke-linejoin="round"/>
				<path d="M21 6V11C21 11.6566 20.8707 12.3068 20.6194 12.9134C20.3681 13.52 19.9998 14.0712 19.5355 14.5355C19.0712 14.9998 18.52 15.3681 17.9134 15.6194C17.3068 15.8707 16.6566 16 16 16C14.6739 16 13.4021 15.4732 12.4645 14.5355C11.5268 13.5978 11 12.3261 11 11V6" stroke-linecap="round" stroke-linejoin="round"/>
			</g>
		</g>
	</g>
</svg>

                                            <span class="nav-link-text">Oppskrifter</span>
                                        </a>
                                    </li>
                                

                                
                                    <li class="menu-item-signup" title="Lag konto">
                                        <a href="/bruker/registrer/" class="btn btn-xs btn-brand">Lag konto</a>
                                    </li>
                                    <li class="menu-item-login" title="Logg inn">
                                        <a href="/bruker/logg-inn/">Logg inn</a>
                                    </li>
                                

                                <li class="menu-item-cart">
                                    <a href="/handlekurv/" title="Gå til handlekurv">
										<svg width="48" height="48" viewBox="0 0 48 48" class="icon icon-cart" xmlns="http://www.w3.org/2000/svg">
	<g>
		<path class="left wheel" d="M21 44C23.2091 44 25 42.2091 25 40C25 37.7909 23.2091 36 21 36C18.7909 36 17 37.7909 17 40C17 42.2091 18.7909 44 21 44Z" stroke-linecap="round" stroke-linejoin="round"/>
		<path class="right wheel" d="M34 44C36.2091 44 38 42.2091 38 40C38 37.7909 36.2091 36 34 36C31.7909 36 30 37.7909 30 40C30 42.2091 31.7909 44 34 44Z" stroke-linecap="round" stroke-linejoin="round"/>
		<path class="cart" d="M10 10H44L39.4415 28.1083C39.3049 28.6488 38.9903 29.1285 38.5477 29.4712C38.1051 29.8139 37.5599 30 36.9985 30H17.0015C16.4401 30 15.8949 29.8139 15.4523 29.4712C15.0097 29.1285 14.6951 28.6488 14.5585 28.1083L10 10Z" stroke-linecap="round" stroke-linejoin="round"/>
		<path class="handle" d="M4 5H6.928C7.46292 4.99997 7.98252 5.17257 8.4043 5.49039C8.82607 5.80822 9.12584 6.25305 9.256 6.75425L10 10" stroke-linecap="round" stroke-linejoin="round"/>
		<path class="semi-circle" d="M16 30H14.8C13.527 30 12.3061 30.5268 11.4059 31.4645C10.5057 32.4021 10 33.6739 10 35C10 36.3261 10.5057 37.5978 11.4059 38.5355C12.3061 39.4732 13.527 40 14.8 40H16" stroke-linecap="round" stroke-linejoin="round"/>
		<path class="line" d="M25 40L30 40" stroke-linecap="round" stroke-linejoin="round"/>
	</g>
</svg>

                                        <span class="sr-only">Gå til handlekurv</span>
                                        
                                            <div class="cart-count">
                                                
                                                    &nbsp;
                                                
                                            </div>
                                        
                                    </a>
                                </li>
                                <li class="menu-item-toggle-cart hidden-xs">
                                    <a href="#" class="toggle-cart" title="Vis/skjul handlekurv">
                                        <span class="sr-only">Vis/skjul handlekurv</span>
                                        <span class="glyphicon glyphicon-chevron-left toggle-cart-open" aria-hidden="true"></span>
                                        <span class="glyphicon glyphicon-chevron-right toggle-cart-close" aria-hidden="true"></span>
                                    </a>
                                </li>
                            </ul>
                        

                    </div>

                </nav>

                
                    <div class="sub-header hidden-print">
                        

                            <a href="/utlevering/" class="shortcut shortcut-blue">
                                Priser og utlevering
                                
                            </a>

                            <a href="/kundeservice/" class="shortcut shortcut-blue">
                                Hjelp<span class="hidden-xs"> og kundeservice</span>
                            </a>

                            <a href="/bedrift/" class="shortcut shortcut-blue hidden-xs hidden-sm">
                                Bli bedriftskunde
                            </a>

                            <a href="/om/kvalitet/" class="shortcut shortcut-green">
                                <span class="glyphicon glyphicon-leaf hidden-xs" aria-hidden="true"></span>
                                Kvalitet<span class="hidden-xs"> og holdbarhet</span>
                            </a>

                        

                    </div>
                

            </div>

        

        <div class="content-wrapper">

            

            

            

            
            <div id="cart-sidebar">
                
                    <div class="empty-cart product-items" data-list="cart" data-list-mode="grouped">

    <div class="shadow"></div>

    <div class="header">
        <h3>
            Du har ingen varer i handlekurven
        </h3>
    </div>

    
        <p style="padding-top: 250px;">
            Trenger du hjelp til å komme i gang?<br>
            <a href="/introduksjon/">
                Slik handler du på Kolonial.no
            </a>
        </p>
    

</div>

                
            </div>

            <div id="content">
                
                    <div class="wide-container">
                        <div class="content-container" role="main">
                            

    
        <div class="row">
            <div class="col-md-6">
                <div class="infobox light-bg rounded">
                    <div class="icon-wrapper animate pulsating-circle">
                        <svg xmlns="http://www.w3.org/2000/svg" viewBox="0 0 64 64" class="icon icon-home-delivery" aria-label="Hjemlevering">
  <g fill="none" fill-rule="evenodd">
    <circle class="outer" cx="32" cy="32" r="32" fill="#FFA514"/>
    <g class="inner" stroke="#FFF" stroke-linecap="round" stroke-linejoin="round" stroke-width="2" transform="translate(16 17)">
      <path d="M19 21.05L15 21.05M32 29.5L0 29.5"/>
      <circle cx="23.5" cy="20.5" r="4.5"/>
      <circle cx="9.5" cy="20.5" r="4.5"/>
      <path d="M5,9.05 L10,9.05"/>
      <polyline points="5 4 7.5 6 10 4"/>
      <path d="M4.40333333,21 L3,21 C1.34314575,21 0,19.6568543 0,18 L0,3 C0,1.34314601 1.34314575,2.72021669e-07 3,-1.59872116e-14 L18.93,2.72021669e-07 C19.8585115,-0.000394618379 20.734878,0.42917269 21.3033333,1.16333359 L31.1633333,12.9166668 C31.7054052,13.6171019 31.9996767,14.4776409 32,15.3633334 L32,18 C32,19.6568543 30.6568542,21 29,21 L28,21"/>
      <path d="M28,10 L18.46,9.99999938 C17.0298677,10.0009156 15.7979258,8.99220221 15.5166667,7.58999953 L14,0"/>
    </g>
  </g>
</svg>

                    </div>
                    <div class="main-content">
                        <h4>3 måneder gratis levering til nye kunder</h4>
                        <span class="text-muted">Gjelder ikke levering samme dag</span>
                    </div>
                </div>
            </div>
            <div class="col-md-6">
                <div class="infobox light-bg rounded hidden-sm hidden-xs">
                    <div class="icon-wrapper animate pulsating-circle">
                        <svg xmlns="http://www.w3.org/2000/svg" viewBox="0 0 64 64" class="icon icon-coupon" aria-label="Kupong">
  <g fill="none" fill-rule="evenodd">
    <circle class="outer" cx="32" cy="32" r="32" fill="#FFA514"/>
    <g class="inner" stroke="#FFF" stroke-linecap="round" stroke-linejoin="round" stroke-width="2" transform="translate(13.333 17.333)">
      <path d="M14.1176471 5.53846154L28.3274305 5.53846154C30.3557346 5.53846154 32 7.191564 32 9.23076923L32 20.3076923C32 22.3468975 30.3557346 24 28.3274305 24L15.4734373 24M20.7529412 16.6153846L20.7529412 12.9230769M20.7558824 9.23076923L20.7558824 5.53846154M20.7558824 24L20.7558824 20.3076923"/>
      <path d="M15.0588235 5.53846154L9.41176471 5.53846154C7.33257506 5.53846154 5.64705882 7.191564 5.64705882 9.23076923L5.64705882 20.3076923C5.64705882 22.3468975 7.33257506 24 9.41176471 24L15.0588235 24M9.46176471 1.84615385L9.46176471 0M2.53412385 2.46172566L3.76470588 3.69230769M1.88235294 9.28076923L0 9.28076923"/>
    </g>
  </g>
</svg>

                    </div>
                    <div class="main-content">
                        <h4>Handle nå og få kr 100 i rabatt</h4>
                        <span class="text-muted">Gjelder bestillinger over kr 600</span>
                    </div>
                </div>
            </div>
        </div>
    

    

    <div class="row ws-xs">
        <div class="col-xs-12 col-sm-3">
            


<div class="filter-sidebar">
    <nav class="navbar navbar-default">

        <div class="navbar-toggle visible-xs-block" data-toggle="collapse" data-target="#navbar-category-sidebar">
            <h3 class="category-sidebar">
                
                    Kategorier
                
            </h3>
            <span class="sr-only">Vis/skjul kategorier</span>
            <span class="glyphicon glyphicon-menu-down"></span>
        </div>

        <div class="aggregation-filter categories">

            <h3 class="hidden-xs aggregation-filter-headline all-categories-headline category-sidebar">
                <a href="/kategorier/">

                    

                    Alle kategorier
                </a>
            </h3>

            <div class="collapse navbar-collapse" id="navbar-category-sidebar">
                <ul class="list-unstyled">

                    

                    <li class="parent-category ">
                        <h4 class="aggregation-filter-headline">
                            <a href="/produkter/salg/">
                                På tilbud
                            </a>
                        </h4>
                    </li>

                    <li class="parent-category ">
                        <h4 class="aggregation-filter-headline">
                            <a href="/produkter/nyheter/">
                                Nyheter i butikken
                            </a>
                        </h4>
                    </li>

                    

                    

                        

                            <li class="parent-category  ws-xs">
                                <h4 class="aggregation-filter-headline">
                                    <a href="/kategorier/20-frukt-og-gront/">
                                        Frukt og grønt
                                        
                                    </a>
                                </h4>
                            </li>

                        

                    

                        

                            <li class="parent-category ">
                                <h4 class="aggregation-filter-headline">
                                    <a href="/kategorier/488-mathall/">
                                        Mathall
                                        
                                            <span class="product-category-label label label-success">Ny!</span>
                                        
                                    </a>
                                </h4>
                            </li>

                        

                    

                        

                            <li class="parent-category ">
                                <h4 class="aggregation-filter-headline">
                                    <a href="/kategorier/462-clas-ohlson/">
                                        Clas Ohlson-butikken
                                        
                                            <span class="product-category-label label label-success">Ny!</span>
                                        
                                    </a>
                                </h4>
                            </li>

                        

                    

                        

                            <li class="parent-category ">
                                <h4 class="aggregation-filter-headline">
                                    <a href="/kategorier/504-iceland/">
                                        Iceland
                                        
                                            <span class="product-category-label label label-success">Ny!</span>
                                        
                                    </a>
                                </h4>
                            </li>

                        

                    

                        

                            <li class="parent-category ">
                                <h4 class="aggregation-filter-headline">
                                    <a href="/kategorier/401-blomster-og-planter/">
                                        Blomster og planter
                                        
                                    </a>
                                </h4>
                            </li>

                        

                    

                        

                            <li class="parent-category ">
                                <h4 class="aggregation-filter-headline">
                                    <a href="/kategorier/1-brod-og-frokostblandinger/">
                                        Brød og frokostblandinger
                                        
                                    </a>
                                </h4>
                            </li>

                        

                    

                        

                            <li class="parent-category ">
                                <h4 class="aggregation-filter-headline">
                                    <a href="/kategorier/48-melk-meieriprodukter-og-egg/">
                                        Melk, meieriprodukter og egg
                                        
                                    </a>
                                </h4>
                            </li>

                        

                    

                        

                            <li class="parent-category ">
                                <h4 class="aggregation-filter-headline">
                                    <a href="/kategorier/26-kjott-og-kylling/">
                                        Kjøtt og kylling
                                        
                                    </a>
                                </h4>
                            </li>

                        

                    

                        

                            <li class="parent-category ">
                                <h4 class="aggregation-filter-headline">
                                    <a href="/kategorier/283-fisk-og-sjomat/">
                                        Fisk og sjømat
                                        
                                    </a>
                                </h4>
                            </li>

                        

                    

                        

                            <li class="parent-category ">
                                <h4 class="aggregation-filter-headline">
                                    <a href="/kategorier/142-oster/">
                                        Oster
                                        
                                    </a>
                                </h4>
                            </li>

                        

                    

                        

                            <li class="parent-category ">
                                <h4 class="aggregation-filter-headline">
                                    <a href="/kategorier/241-serveringsklare-retter/">
                                        Serveringsklare retter
                                        
                                    </a>
                                </h4>
                            </li>

                        

                    

                        

                            <li class="parent-category ">
                                <h4 class="aggregation-filter-headline">
                                    <a href="/kategorier/42-palegg/">
                                        Pålegg
                                        
                                    </a>
                                </h4>
                            </li>

                        

                    

                        

                            <li class="parent-category ">
                                <h4 class="aggregation-filter-headline">
                                    <a href="/kategorier/411-grill/">
                                        Grill
                                        
                                    </a>
                                </h4>
                            </li>

                        

                    

                        

                            <li class="parent-category ">
                                <h4 class="aggregation-filter-headline">
                                    <a href="/kategorier/32-middager-og-tilbehor/">
                                        Middager og tilbehør
                                        
                                    </a>
                                </h4>
                            </li>

                        

                    

                        

                            <li class="parent-category ">
                                <h4 class="aggregation-filter-headline">
                                    <a href="/kategorier/424-pizza-og-taco/">
                                        Pizza og taco
                                        
                                    </a>
                                </h4>
                            </li>

                        

                    

                        

                            <li class="parent-category ">
                                <h4 class="aggregation-filter-headline">
                                    <a href="/kategorier/448-asiatisk/">
                                        Asiatisk
                                        
                                    </a>
                                </h4>
                            </li>

                        

                    

                        

                            <li class="parent-category ">
                                <h4 class="aggregation-filter-headline">
                                    <a href="/kategorier/60-drikkevarer/">
                                        Drikkevarer
                                        
                                    </a>
                                </h4>
                            </li>

                        

                    

                        

                            <li class="parent-category ">
                                <h4 class="aggregation-filter-headline">
                                    <a href="/kategorier/457-varme-drikker/">
                                        Varme drikker
                                        
                                    </a>
                                </h4>
                            </li>

                        

                    

                        

                    

                        

                            <li class="parent-category ">
                                <h4 class="aggregation-filter-headline">
                                    <a href="/kategorier/37-olje-og-krydder/">
                                        Olje og krydder
                                        
                                    </a>
                                </h4>
                            </li>

                        

                    

                        

                            <li class="parent-category ">
                                <h4 class="aggregation-filter-headline">
                                    <a href="/kategorier/15-mel-og-bakeingredienser/">
                                        Mel og bakeingredienser
                                        
                                    </a>
                                </h4>
                            </li>

                        

                    

                        

                            <li class="parent-category ">
                                <h4 class="aggregation-filter-headline">
                                    <a href="/kategorier/408-og-desserter/">
                                        Is og desserter
                                        
                                    </a>
                                </h4>
                            </li>

                        

                    

                        

                            <li class="parent-category ">
                                <h4 class="aggregation-filter-headline">
                                    <a href="/kategorier/348-kaker-kjeks-og-desserter/">
                                        Kaker, kjeks og desserter
                                        
                                    </a>
                                </h4>
                            </li>

                        

                    

                        

                            <li class="parent-category ">
                                <h4 class="aggregation-filter-headline">
                                    <a href="/kategorier/67-snacks-og-godteri/">
                                        Snacks og godteri
                                        
                                    </a>
                                </h4>
                            </li>

                        

                    

                        

                            <li class="parent-category ">
                                <h4 class="aggregation-filter-headline">
                                    <a href="/kategorier/73-barneprodukter/">
                                        Barneprodukter
                                        
                                    </a>
                                </h4>
                            </li>

                        

                    

                        

                            <li class="parent-category ">
                                <h4 class="aggregation-filter-headline">
                                    <a href="/kategorier/79-shampo-sape-og-hudpleie/">
                                        Shampo, såpe og hudpleie
                                        
                                    </a>
                                </h4>
                            </li>

                        

                    

                        

                            <li class="parent-category ">
                                <h4 class="aggregation-filter-headline">
                                    <a href="/kategorier/435-sminke-og-skjonnhet/">
                                        Sminke og skjønnhet
                                        
                                    </a>
                                </h4>
                            </li>

                        

                    

                        

                            <li class="parent-category ">
                                <h4 class="aggregation-filter-headline">
                                    <a href="/kategorier/373-hygieneartikler/">
                                        Hygieneartikler
                                        
                                    </a>
                                </h4>
                            </li>

                        

                    

                        

                            <li class="parent-category ">
                                <h4 class="aggregation-filter-headline">
                                    <a href="/kategorier/365-legemidler-og-helsekost/">
                                        Legemidler og helsekost
                                        
                                    </a>
                                </h4>
                            </li>

                        

                    

                        

                            <li class="parent-category ">
                                <h4 class="aggregation-filter-headline">
                                    <a href="/kategorier/394-trening/">
                                        Trening
                                        
                                    </a>
                                </h4>
                            </li>

                        

                    

                        

                            <li class="parent-category ">
                                <h4 class="aggregation-filter-headline">
                                    <a href="/kategorier/163-torkepapir-og-vaskemidler/">
                                        Tørkepapir og vaskemidler
                                        
                                    </a>
                                </h4>
                            </li>

                        

                    

                        

                            <li class="parent-category ">
                                <h4 class="aggregation-filter-headline">
                                    <a href="/kategorier/331-magasiner-og-boker/">
                                        Magasiner og bøker
                                        
                                    </a>
                                </h4>
                            </li>

                        

                    

                        

                            <li class="parent-category ">
                                <h4 class="aggregation-filter-headline">
                                    <a href="/kategorier/444-undertoy-og-stromper/">
                                        Undertøy og strømper
                                        
                                    </a>
                                </h4>
                            </li>

                        

                    

                        

                            <li class="parent-category ">
                                <h4 class="aggregation-filter-headline">
                                    <a href="/kategorier/85-hus-og-hjem/">
                                        Hus og hjem
                                        
                                    </a>
                                </h4>
                            </li>

                        

                    

                        

                            <li class="parent-category ">
                                <h4 class="aggregation-filter-headline">
                                    <a href="/kategorier/128-dyremat/">
                                        Dyremat
                                        
                                    </a>
                                </h4>
                            </li>

                        

                    

                        

                    

                </ul>

            </div>

        </div>

    </nav>
</div>

<div class="visible-xs-block">
    

<ul class="nav nav-pills">
    
        
    
</ul>

</div>

        </div>

        <div class="col-xs-12 col-sm-9">
            <div class="product-category-header">

                <ol class="breadcrumb hidden-xs" itemprop="breadcrumb">
                    <li class="active">
                        Alle varer
                    </li>
                </ol>

                <h3>
                    Populære varer
                </h3>

                <hr>
            </div>

            <div class="row">
                
                    
                        


    <div class="col-xs-6 col-sm-3 col-md-2">
        <div class="product-list-item ">

                


                
                


                
                    <a data-app-open-native href="/produkter/9281-wiig-gartneri-stor-agurk-norsk/" class="modal-link">
                

                    <div>
                        <div class="image-container">
                            
                                <img src="https://bilder.kolonial.no/produkter/5892c151-9197-4af9-aefb-8ee1990edb7f.jpg?fill=solid&amp;fill-color=ffffff&amp;fit=fill&amp;h=140&amp;w=140&amp;s=ec62e5d7a9736f3258036c45dc88ba73" alt="Stor Agurk" width="140" height="140" title="Bilde: © Wiig Gartneri / Kolonial.no" srcset="https://bilder.kolonial.no/produkter/5892c151-9197-4af9-aefb-8ee1990edb7f.jpg?fill=solid&amp;fill-color=ffffff&amp;fit=fill&amp;h=140&amp;w=140&amp;s=ec62e5d7a9736f3258036c45dc88ba73 1x, https://bilder.kolonial.no/produkter/5892c151-9197-4af9-aefb-8ee1990edb7f.jpg?fill=solid&amp;fill-color=ffffff&amp;fit=fill&amp;h=280&amp;w=280&amp;s=a51f9a94d7650caff1fd8f0495cda9af 2x" />
                            

                            
                            

                            <div class="product-classifiers">
                                

                                

                                

                                

                                

                                

                                

                                

                                

                                
                                    
                                

                            </div>

                        </div>
                    </div>

                    <p class="price label label-price">
                        kr 27,40
                    </p>

                    
                        <p class="unit-price">
                            kr 27,40 per stk
                        </p>
                    

                    <h3 class="name">
                        <div class="name-main wrap-two-lines">Stor Agurk</div>
                        <div class="name-extra wrap-one-line">
                            

                            Norsk, 1 stk
                        </div>
                    </h3>

                    

                        

                    

                
                    </a>
                

                <div class="buttons">

                    
                        
                            <div class="add-to-cart-group" data-product="9281" >
                                <div class="not-in-cart">
                                    <button type="button"
                                        class=" add-to-cart btn btn-sm btn-primary"
                                        data-action="add-to-cart"
                                        data-product="9281"
                                        data-quantity="1"
                                        data-to-list="cart"
                                        aria-label="Kjøp Stor Agurk Norsk, 1 stk"
                                        
                                        
                                        data-tr-location="Popular Products"
                                        >
                                        Kjøp
                                    </button>
                                </div>
                                <div class="in-cart">
                                    <button type="button"
                                        class=" cart-quantity-change position-1"
                                        data-action="add-to-cart"
                                        data-product="9281"
                                        data-quantity="-1"
                                        data-to-list="cart"
                                        aria-label="Fjern 1 Stor Agurk fra handlekurven"
                                        title="Fjern 1 Stor Agurk fra handlekurven"
                                        
                                        
                                        data-tr-location="Popular Products"
                                        >
                                        <svg xmlns="http://www.w3.org/2000/svg" xmlns:xlink="http://www.w3.org/1999/xlink" version="1.1" class="icon icon-minus" y="0" viewBox="0 0 45 45" enable-background="new 0 0 45 45" xml:space="preserve" aria-label="Minus-symbol">
    <rect class="fill" x="0" y="19.6" width="45" height="5.8"/>
</svg>

                                    </button>
                                    <button type="button"
                                        class=" cart-quantity-change position-3"
                                        data-action="add-to-cart"
                                        data-product="9281"
                                        data-quantity="1"
                                        data-to-list="cart"
                                        aria-label="Legg til 1 Stor Agurk i handlekurven"
                                        title="Legg til 1 Stor Agurk i handlekurven"
                                        
                                        
                                        data-tr-location="Popular Products"
                                        >
                                        <svg xmlns="http://www.w3.org/2000/svg" xmlns:xlink="http://www.w3.org/1999/xlink" version="1.1" class="icon icon-plus" x="0" y="0" viewBox="0 0 45 45" enable-background="new 0 0 45 45" xml:space="preserve" aria-label="Pluss-symbol">
    <polygon class="fill" points="45 19.6 25.4 19.6 25.4 0 19.6 0 19.6 19.6 0 19.6 0 25.4 19.6 25.4 19.6 45 25.4 45 25.4 25.4 45 25.4 "/>
</svg>

                                    </button>
                                    <div class="cart-quantity position-2" title="Antall i handlekurven">
                                        
                                    </div>
                                </div>
                            </div>
                        
                    

                </div>

        </div>
    </div>


                    
                        


    <div class="col-xs-6 col-sm-3 col-md-2">
        <div class="product-list-item ">

                


                
                


                
                    <a data-app-open-native href="/produkter/28870-prior-frokostegg-fra-frittgaende-honer-str-l/" class="modal-link">
                

                    <div>
                        <div class="image-container">
                            
                                <img src="https://bilder.kolonial.no/produkter/b9e346c5-57aa-4d6e-990f-24bec72aa505.jpeg?fill=solid&amp;fill-color=ffffff&amp;fit=fill&amp;h=140&amp;w=140&amp;s=5abaa8748c431a8d86b784923f75ed11" alt="Frokostegg Fra  Frittgående Høner" width="140" height="140" title="Bilde: © Prior / Kolonial.no" srcset="https://bilder.kolonial.no/produkter/b9e346c5-57aa-4d6e-990f-24bec72aa505.jpeg?fill=solid&amp;fill-color=ffffff&amp;fit=fill&amp;h=140&amp;w=140&amp;s=5abaa8748c431a8d86b784923f75ed11 1x, https://bilder.kolonial.no/produkter/b9e346c5-57aa-4d6e-990f-24bec72aa505.jpeg?fill=solid&amp;fill-color=ffffff&amp;fit=fill&amp;h=280&amp;w=280&amp;s=438b14dc4f592d7de247b6bd8a7e4559 2x" />
                            

                            
                            

                            <div class="product-classifiers">
                                

                                

                                

                                
                                    <div class="enjoy_norway" title="Produktet er merket Nyt Norge">
                                        <p class="sr-only">
                                            Nyt Norge
                                        </p>
                                    </div>
                                

                                

                                

                                

                                

                                

                                
                                    
                                

                            </div>

                        </div>
                    </div>

                    <p class="price label label-price">
                        kr 36,50
                    </p>

                    
                        <p class="unit-price">
                            kr 41,95 per kg
                        </p>
                    

                    <h3 class="name">
                        <div class="name-main wrap-two-lines">Frokostegg Fra  Frittgående Høner</div>
                        <div class="name-extra wrap-one-line">
                            

                            Str L, 12 stk
                        </div>
                    </h3>

                    

                        

                    

                
                    </a>
                

                <div class="buttons">

                    
                        
                            <div class="add-to-cart-group" data-product="28870" >
                                <div class="not-in-cart">
                                    <button type="button"
                                        class=" add-to-cart btn btn-sm btn-primary"
                                        data-action="add-to-cart"
                                        data-product="28870"
                                        data-quantity="1"
                                        data-to-list="cart"
                                        aria-label="Kjøp Frokostegg Fra  Frittgående Høner Str L, 12 stk"
                                        
                                        
                                        data-tr-location="Popular Products"
                                        >
                                        Kjøp
                                    </button>
                                </div>
                                <div class="in-cart">
                                    <button type="button"
                                        class=" cart-quantity-change position-1"
                                        data-action="add-to-cart"
                                        data-product="28870"
                                        data-quantity="-1"
                                        data-to-list="cart"
                                        aria-label="Fjern 1 Frokostegg Fra  Frittgående Høner fra handlekurven"
                                        title="Fjern 1 Frokostegg Fra  Frittgående Høner fra handlekurven"
                                        
                                        
                                        data-tr-location="Popular Products"
                                        >
                                        <svg xmlns="http://www.w3.org/2000/svg" xmlns:xlink="http://www.w3.org/1999/xlink" version="1.1" class="icon icon-minus" y="0" viewBox="0 0 45 45" enable-background="new 0 0 45 45" xml:space="preserve" aria-label="Minus-symbol">
    <rect class="fill" x="0" y="19.6" width="45" height="5.8"/>
</svg>

                                    </button>
                                    <button type="button"
                                        class=" cart-quantity-change position-3"
                                        data-action="add-to-cart"
                                        data-product="28870"
                                        data-quantity="1"
                                        data-to-list="cart"
                                        aria-label="Legg til 1 Frokostegg Fra  Frittgående Høner i handlekurven"
                                        title="Legg til 1 Frokostegg Fra  Frittgående Høner i handlekurven"
                                        
                                        
                                        data-tr-location="Popular Products"
                                        >
                                        <svg xmlns="http://www.w3.org/2000/svg" xmlns:xlink="http://www.w3.org/1999/xlink" version="1.1" class="icon icon-plus" x="0" y="0" viewBox="0 0 45 45" enable-background="new 0 0 45 45" xml:space="preserve" aria-label="Pluss-symbol">
    <polygon class="fill" points="45 19.6 25.4 19.6 25.4 0 19.6 0 19.6 19.6 0 19.6 0 25.4 19.6 25.4 19.6 45 25.4 45 25.4 25.4 45 25.4 "/>
</svg>

                                    </button>
                                    <div class="cart-quantity position-2" title="Antall i handlekurven">
                                        
                                    </div>
                                </div>
                            </div>
                        
                    

                </div>

        </div>
    </div>


                    
                        


    <div class="col-xs-6 col-sm-3 col-md-2">
        <div class="product-list-item ">

                


                
                


                
                    <a data-app-open-native href="/produkter/9452-avokado-spisemoden-colombia-sor-afrika/" class="modal-link">
                

                    <div>
                        <div class="image-container">
                            
                                <img src="https://bilder.kolonial.no/produkter/8fa46ed3-313e-4f8d-8865-0054d8ce26f3.jpg?fill=solid&amp;fill-color=ffffff&amp;fit=fill&amp;h=140&amp;w=140&amp;s=21fff112720d4193abcfeeec53f10a19" alt="Avokado Spisemoden" width="140" height="140" srcset="https://bilder.kolonial.no/produkter/8fa46ed3-313e-4f8d-8865-0054d8ce26f3.jpg?fill=solid&amp;fill-color=ffffff&amp;fit=fill&amp;h=140&amp;w=140&amp;s=21fff112720d4193abcfeeec53f10a19 1x, https://bilder.kolonial.no/produkter/8fa46ed3-313e-4f8d-8865-0054d8ce26f3.jpg?fill=solid&amp;fill-color=ffffff&amp;fit=fill&amp;h=280&amp;w=280&amp;s=64e49efd02fdc3727cf3802c0678277a 2x" />
                            

                            
                            

                            <div class="product-classifiers">
                                

                                

                                

                                

                                

                                

                                

                                

                                

                                
                                    
                                

                            </div>

                        </div>
                    </div>

                    <p class="price label label-price">
                        kr 29,00
                    </p>

                    
                        <p class="unit-price">
                            kr 96,67 per kg
                        </p>
                    

                    <h3 class="name">
                        <div class="name-main wrap-two-lines">Avokado Spisemoden</div>
                        <div class="name-extra wrap-one-line">
                            

                            Colombia/Sør-Afrika, 2 stk
                        </div>
                    </h3>

                    

                        <div class="available-description">
                            <span class="label lead-time-label">
                                Kan leveres 5. sep
                            </span>
                        </div>

                    

                
                    </a>
                

                <div class="buttons">

                    
                        
                            <div class="add-to-cart-group" data-product="9452" >
                                <div class="not-in-cart">
                                    <button type="button"
                                        class=" add-to-cart btn btn-sm btn-primary"
                                        data-action="add-to-cart"
                                        data-product="9452"
                                        data-quantity="1"
                                        data-to-list="cart"
                                        aria-label="Kjøp Avokado Spisemoden Colombia/Sør-Afrika, 2 stk"
                                        
                                        
                                        data-tr-location="Popular Products"
                                        >
                                        Kjøp
                                    </button>
                                </div>
                                <div class="in-cart">
                                    <button type="button"
                                        class=" cart-quantity-change position-1"
                                        data-action="add-to-cart"
                                        data-product="9452"
                                        data-quantity="-1"
                                        data-to-list="cart"
                                        aria-label="Fjern 1 Avokado Spisemoden fra handlekurven"
                                        title="Fjern 1 Avokado Spisemoden fra handlekurven"
                                        
                                        
                                        data-tr-location="Popular Products"
                                        >
                                        <svg xmlns="http://www.w3.org/2000/svg" xmlns:xlink="http://www.w3.org/1999/xlink" version="1.1" class="icon icon-minus" y="0" viewBox="0 0 45 45" enable-background="new 0 0 45 45" xml:space="preserve" aria-label="Minus-symbol">
    <rect class="fill" x="0" y="19.6" width="45" height="5.8"/>
</svg>

                                    </button>
                                    <button type="button"
                                        class=" cart-quantity-change position-3"
                                        data-action="add-to-cart"
                                        data-product="9452"
                                        data-quantity="1"
                                        data-to-list="cart"
                                        aria-label="Legg til 1 Avokado Spisemoden i handlekurven"
                                        title="Legg til 1 Avokado Spisemoden i handlekurven"
                                        
                                        
                                        data-tr-location="Popular Products"
                                        >
                                        <svg xmlns="http://www.w3.org/2000/svg" xmlns:xlink="http://www.w3.org/1999/xlink" version="1.1" class="icon icon-plus" x="0" y="0" viewBox="0 0 45 45" enable-background="new 0 0 45 45" xml:space="preserve" aria-label="Pluss-symbol">
    <polygon class="fill" points="45 19.6 25.4 19.6 25.4 0 19.6 0 19.6 19.6 0 19.6 0 25.4 19.6 25.4 19.6 45 25.4 45 25.4 25.4 45 25.4 "/>
</svg>

                                    </button>
                                    <div class="cart-quantity position-2" title="Antall i handlekurven">
                                        
                                    </div>
                                </div>
                            </div>
                        
                    

                </div>

        </div>
    </div>


                    
                        


    <div class="col-xs-6 col-sm-3 col-md-2">
        <div class="product-list-item ">

                


                
                


                
                    <a data-app-open-native href="/produkter/9380-brokkoli-norge/" class="modal-link">
                

                    <div>
                        <div class="image-container">
                            
                                <img src="https://bilder.kolonial.no/produkter/771f55a7-f910-4cba-81c3-3bd348a8a0cd.jpg?fill=solid&amp;fill-color=ffffff&amp;fit=fill&amp;h=140&amp;w=140&amp;s=29aa358d4c41e67812923e86ee658ed8" alt="Brokkoli" width="140" height="140" srcset="https://bilder.kolonial.no/produkter/771f55a7-f910-4cba-81c3-3bd348a8a0cd.jpg?fill=solid&amp;fill-color=ffffff&amp;fit=fill&amp;h=140&amp;w=140&amp;s=29aa358d4c41e67812923e86ee658ed8 1x, https://bilder.kolonial.no/produkter/771f55a7-f910-4cba-81c3-3bd348a8a0cd.jpg?fill=solid&amp;fill-color=ffffff&amp;fit=fill&amp;h=280&amp;w=280&amp;s=34723aa90d9cb89fe040aacc53cf015f 2x" />
                            

                            
                            

                            <div class="product-classifiers">
                                

                                

                                

                                

                                

                                

                                

                                

                                

                                
                                    
                                

                            </div>

                        </div>
                    </div>

                    <p class="price label label-price">
                        kr 15,90
                    </p>

                    
                        <p class="unit-price">
                            kr 15,90 per stk
                        </p>
                    

                    <h3 class="name">
                        <div class="name-main wrap-two-lines">Brokkoli</div>
                        <div class="name-extra wrap-one-line">
                            

                            Norge, 1 stk
                        </div>
                    </h3>

                    

                        

                    

                
                    </a>
                

                <div class="buttons">

                    
                        
                            <div class="add-to-cart-group" data-product="9380" >
                                <div class="not-in-cart">
                                    <button type="button"
                                        class=" add-to-cart btn btn-sm btn-primary"
                                        data-action="add-to-cart"
                                        data-product="9380"
                                        data-quantity="1"
                                        data-to-list="cart"
                                        aria-label="Kjøp Brokkoli Norge, 1 stk"
                                        
                                        
                                        data-tr-location="Popular Products"
                                        >
                                        Kjøp
                                    </button>
                                </div>
                                <div class="in-cart">
                                    <button type="button"
                                        class=" cart-quantity-change position-1"
                                        data-action="add-to-cart"
                                        data-product="9380"
                                        data-quantity="-1"
                                        data-to-list="cart"
                                        aria-label="Fjern 1 Brokkoli fra handlekurven"
                                        title="Fjern 1 Brokkoli fra handlekurven"
                                        
                                        
                                        data-tr-location="Popular Products"
                                        >
                                        <svg xmlns="http://www.w3.org/2000/svg" xmlns:xlink="http://www.w3.org/1999/xlink" version="1.1" class="icon icon-minus" y="0" viewBox="0 0 45 45" enable-background="new 0 0 45 45" xml:space="preserve" aria-label="Minus-symbol">
    <rect class="fill" x="0" y="19.6" width="45" height="5.8"/>
</svg>

                                    </button>
                                    <button type="button"
                                        class=" cart-quantity-change position-3"
                                        data-action="add-to-cart"
                                        data-product="9380"
                                        data-quantity="1"
                                        data-to-list="cart"
                                        aria-label="Legg til 1 Brokkoli i handlekurven"
                                        title="Legg til 1 Brokkoli i handlekurven"
                                        
                                        
                                        data-tr-location="Popular Products"
                                        >
                                        <svg xmlns="http://www.w3.org/2000/svg" xmlns:xlink="http://www.w3.org/1999/xlink" version="1.1" class="icon icon-plus" x="0" y="0" viewBox="0 0 45 45" enable-background="new 0 0 45 45" xml:space="preserve" aria-label="Pluss-symbol">
    <polygon class="fill" points="45 19.6 25.4 19.6 25.4 0 19.6 0 19.6 19.6 0 19.6 0 25.4 19.6 25.4 19.6 45 25.4 45 25.4 25.4 45 25.4 "/>
</svg>

                                    </button>
                                    <div class="cart-quantity position-2" title="Antall i handlekurven">
                                        
                                    </div>
                                </div>
                            </div>
                        
                    

                </div>

        </div>
    </div>


                    
                        


    <div class="col-xs-6 col-sm-3 col-md-2">
        <div class="product-list-item ">

                


                
                


                
                    <a data-app-open-native href="/produkter/26941-liten-agurk-var-laveste-pris-norge-holland/" class="modal-link">
                

                    <div>
                        <div class="image-container">
                            
                                <img src="https://bilder.kolonial.no/produkter/960e62ba-6afc-4ee9-8d1a-d31371de164f.jpg?fill=solid&amp;fill-color=ffffff&amp;fit=fill&amp;h=140&amp;w=140&amp;s=085aab1602d4a5c884774b0e662fdfec" alt="Liten Agurk" width="140" height="140" srcset="https://bilder.kolonial.no/produkter/960e62ba-6afc-4ee9-8d1a-d31371de164f.jpg?fill=solid&amp;fill-color=ffffff&amp;fit=fill&amp;h=140&amp;w=140&amp;s=085aab1602d4a5c884774b0e662fdfec 1x, https://bilder.kolonial.no/produkter/960e62ba-6afc-4ee9-8d1a-d31371de164f.jpg?fill=solid&amp;fill-color=ffffff&amp;fit=fill&amp;h=280&amp;w=280&amp;s=babd86ca46b8728f3507268b31297619 2x" />
                            

                            
                            

                            <div class="product-classifiers">
                                

                                

                                

                                

                                

                                

                                

                                

                                

                                
                                    
                                

                            </div>

                        </div>
                    </div>

                    <p class="price label label-price">
                        kr 19,90
                    </p>

                    
                        <p class="unit-price">
                            kr 19,90 per stk
                        </p>
                    

                    <h3 class="name">
                        <div class="name-main wrap-two-lines">Liten Agurk</div>
                        <div class="name-extra wrap-one-line">
                            

                            Vår Laveste Pris, Norge/Holland, 1 stk
                        </div>
                    </h3>

                    

                        

                    

                
                    </a>
                

                <div class="buttons">

                    
                        
                            <div class="add-to-cart-group" data-product="26941" >
                                <div class="not-in-cart">
                                    <button type="button"
                                        class=" add-to-cart btn btn-sm btn-primary"
                                        data-action="add-to-cart"
                                        data-product="26941"
                                        data-quantity="1"
                                        data-to-list="cart"
                                        aria-label="Kjøp Liten Agurk Vår Laveste Pris, Norge/Holland, 1 stk"
                                        
                                        
                                        data-tr-location="Popular Products"
                                        >
                                        Kjøp
                                    </button>
                                </div>
                                <div class="in-cart">
                                    <button type="button"
                                        class=" cart-quantity-change position-1"
                                        data-action="add-to-cart"
                                        data-product="26941"
                                        data-quantity="-1"
                                        data-to-list="cart"
                                        aria-label="Fjern 1 Liten Agurk fra handlekurven"
                                        title="Fjern 1 Liten Agurk fra handlekurven"
                                        
                                        
                                        data-tr-location="Popular Products"
                                        >
                                        <svg xmlns="http://www.w3.org/2000/svg" xmlns:xlink="http://www.w3.org/1999/xlink" version="1.1" class="icon icon-minus" y="0" viewBox="0 0 45 45" enable-background="new 0 0 45 45" xml:space="preserve" aria-label="Minus-symbol">
    <rect class="fill" x="0" y="19.6" width="45" height="5.8"/>
</svg>

                                    </button>
                                    <button type="button"
                                        class=" cart-quantity-change position-3"
                                        data-action="add-to-cart"
                                        data-product="26941"
                                        data-quantity="1"
                                        data-to-list="cart"
                                        aria-label="Legg til 1 Liten Agurk i handlekurven"
                                        title="Legg til 1 Liten Agurk i handlekurven"
                                        
                                        
                                        data-tr-location="Popular Products"
                                        >
                                        <svg xmlns="http://www.w3.org/2000/svg" xmlns:xlink="http://www.w3.org/1999/xlink" version="1.1" class="icon icon-plus" x="0" y="0" viewBox="0 0 45 45" enable-background="new 0 0 45 45" xml:space="preserve" aria-label="Pluss-symbol">
    <polygon class="fill" points="45 19.6 25.4 19.6 25.4 0 19.6 0 19.6 19.6 0 19.6 0 25.4 19.6 25.4 19.6 45 25.4 45 25.4 25.4 45 25.4 "/>
</svg>

                                    </button>
                                    <div class="cart-quantity position-2" title="Antall i handlekurven">
                                        
                                    </div>
                                </div>
                            </div>
                        
                    

                </div>

        </div>
    </div>


                    
                        


    <div class="col-xs-6 col-sm-3 col-md-2">
        <div class="product-list-item ">

                


                
                


                
                    <a data-app-open-native href="/produkter/19432-okologiske-bananer-max-havelaar-ecuador/" class="modal-link">
                

                    <div>
                        <div class="image-container">
                            
                                <img src="https://bilder.kolonial.no/produkter/7c7535c0-e283-4e38-8fbe-6858b677839a.jpg?fill=solid&amp;fill-color=ffffff&amp;fit=fill&amp;h=140&amp;w=140&amp;s=c6849944e1054bdb9e6321bde41564aa" alt="Økologiske Bananer" width="140" height="140" srcset="https://bilder.kolonial.no/produkter/7c7535c0-e283-4e38-8fbe-6858b677839a.jpg?fill=solid&amp;fill-color=ffffff&amp;fit=fill&amp;h=140&amp;w=140&amp;s=c6849944e1054bdb9e6321bde41564aa 1x, https://bilder.kolonial.no/produkter/7c7535c0-e283-4e38-8fbe-6858b677839a.jpg?fill=solid&amp;fill-color=ffffff&amp;fit=fill&amp;h=280&amp;w=280&amp;s=e16cd869a8fc1893e2cb85ba9e624691 2x" />
                            

                            
                            

                            <div class="product-classifiers">
                                

                                    <div class="organic" title="Produktet er økologisk">
                                        <svg xmlns="http://www.w3.org/2000/svg" viewBox="0 0 44 44" xml:space="preserve" class="icon icon-organic" aria-label="Økologisk"><circle cx="22" cy="22" r="22" class="fill"/><path d="M10.8 29l-0.6 1.5 -1.8-0.8 0.6-1.5c-2-1.2-3.1-3.5-3.1-5.8 0-3.5 2.5-6.8 6.7-6.8 0.6 0 1.2 0.1 1.8 0.2l0.8-1.8 1.8 0.8 -0.8 1.7c2 1.2 3.2 3.5 3.2 5.9 0 3.5-2.5 6.8-6.7 6.8C12 29.2 11.4 29.1 10.8 29zM9.8 26.3l3.7-8.7c-0.3-0.1-0.6-0.1-1-0.1 -2.8 0-4.5 2.4-4.5 4.9C8.1 23.9 8.7 25.4 9.8 26.3zM17.1 22.4c0-1.5-0.6-3-1.7-3.9l-3.7 8.7c0.3 0.1 0.7 0.1 1 0.1C15.3 27.3 17.1 24.9 17.1 22.4z" class="text"/><path d="M25.5 24.5l3.6 4.3h-2.5l-3.2-3.8v3.8h-2V15.9h2v8.2l3.2-3.8h2.5L25.5 24.5z" class="text"/><path d="M29.5 24.5c0-2.4 1.8-4.5 4.6-4.5 2.8 0 4.6 2.1 4.6 4.6 0 2.5-1.8 4.6-4.6 4.6C31.3 29.1 29.5 27 29.5 24.5zM36.6 24.5c0-1.5-1-2.7-2.6-2.7 -1.5 0-2.5 1.3-2.5 2.8 0 1.5 1 2.8 2.5 2.8C35.6 27.3 36.6 26 36.6 24.5z" class="text"/></svg>

                                        <p class="sr-only">
                                            Økologisk
                                        </p>
                                    </div>

                                

                                

                                

                                

                                
                                    <div class="fairtrade" title="Produktet er merket Fairtrade">
                                        <p class="sr-only">
                                            Fairtrade
                                        </p>
                                    </div>
                                

                                

                                

                                

                                

                                
                                    
                                

                            </div>

                        </div>
                    </div>

                    <p class="price label label-price">
                        kr 27,50
                    </p>

                    
                        <p class="unit-price">
                            kr 31,61 per kg
                        </p>
                    

                    <h3 class="name">
                        <div class="name-main wrap-two-lines">Økologiske Bananer</div>
                        <div class="name-extra wrap-one-line">
                            

                            Max Havelaar, Ecuador, 4 stk
                        </div>
                    </h3>

                    

                        

                    

                
                    </a>
                

                <div class="buttons">

                    
                        
                            <div class="add-to-cart-group" data-product="19432" >
                                <div class="not-in-cart">
                                    <button type="button"
                                        class=" add-to-cart btn btn-sm btn-primary"
                                        data-action="add-to-cart"
                                        data-product="19432"
                                        data-quantity="1"
                                        data-to-list="cart"
                                        aria-label="Kjøp Økologiske Bananer Max Havelaar, Ecuador, 4 stk"
                                        
                                        
                                        data-tr-location="Popular Products"
                                        >
                                        Kjøp
                                    </button>
                                </div>
                                <div class="in-cart">
                                    <button type="button"
                                        class=" cart-quantity-change position-1"
                                        data-action="add-to-cart"
                                        data-product="19432"
                                        data-quantity="-1"
                                        data-to-list="cart"
                                        aria-label="Fjern 1 Økologiske Bananer fra handlekurven"
                                        title="Fjern 1 Økologiske Bananer fra handlekurven"
                                        
                                        
                                        data-tr-location="Popular Products"
                                        >
                                        <svg xmlns="http://www.w3.org/2000/svg" xmlns:xlink="http://www.w3.org/1999/xlink" version="1.1" class="icon icon-minus" y="0" viewBox="0 0 45 45" enable-background="new 0 0 45 45" xml:space="preserve" aria-label="Minus-symbol">
    <rect class="fill" x="0" y="19.6" width="45" height="5.8"/>
</svg>

                                    </button>
                                    <button type="button"
                                        class=" cart-quantity-change position-3"
                                        data-action="add-to-cart"
                                        data-product="19432"
                                        data-quantity="1"
                                        data-to-list="cart"
                                        aria-label="Legg til 1 Økologiske Bananer i handlekurven"
                                        title="Legg til 1 Økologiske Bananer i handlekurven"
                                        
                                        
                                        data-tr-location="Popular Products"
                                        >
                                        <svg xmlns="http://www.w3.org/2000/svg" xmlns:xlink="http://www.w3.org/1999/xlink" version="1.1" class="icon icon-plus" x="0" y="0" viewBox="0 0 45 45" enable-background="new 0 0 45 45" xml:space="preserve" aria-label="Pluss-symbol">
    <polygon class="fill" points="45 19.6 25.4 19.6 25.4 0 19.6 0 19.6 19.6 0 19.6 0 25.4 19.6 25.4 19.6 45 25.4 45 25.4 25.4 45 25.4 "/>
</svg>

                                    </button>
                                    <div class="cart-quantity position-2" title="Antall i handlekurven">
                                        
                                    </div>
                                </div>
                            </div>
                        
                    

                </div>

        </div>
    </div>


                    
                        


    <div class="col-xs-6 col-sm-3 col-md-2">
        <div class="product-list-item ">

                


                
                


                
                    <a data-app-open-native href="/produkter/9407-tomater-i-klase-norge/" class="modal-link">
                

                    <div>
                        <div class="image-container">
                            
                                <img src="https://bilder.kolonial.no/produkter/eec75bcc-8938-4848-a2bb-e00e2a4f7e51.jpg?fill=solid&amp;fill-color=ffffff&amp;fit=fill&amp;h=140&amp;w=140&amp;s=6be473de97e8cc9fb78ac7c50df11720" alt="Tomater i klase" width="140" height="140" srcset="https://bilder.kolonial.no/produkter/eec75bcc-8938-4848-a2bb-e00e2a4f7e51.jpg?fill=solid&amp;fill-color=ffffff&amp;fit=fill&amp;h=140&amp;w=140&amp;s=6be473de97e8cc9fb78ac7c50df11720 1x, https://bilder.kolonial.no/produkter/eec75bcc-8938-4848-a2bb-e00e2a4f7e51.jpg?fill=solid&amp;fill-color=ffffff&amp;fit=fill&amp;h=280&amp;w=280&amp;s=ec0a9cbe02db17f87080c8da87ec9f4c 2x" />
                            

                            
                            

                            <div class="product-classifiers">
                                

                                

                                

                                

                                

                                

                                

                                

                                

                                
                                    
                                

                            </div>

                        </div>
                    </div>

                    <p class="price label label-price">
                        kr 22,40
                    </p>

                    
                        <p class="unit-price">
                            kr 44,80 per kg
                        </p>
                    

                    <h3 class="name">
                        <div class="name-main wrap-two-lines">Tomater i klase</div>
                        <div class="name-extra wrap-one-line">
                            

                            Norge, 500 g
                        </div>
                    </h3>

                    

                        

                    

                
                    </a>
                

                <div class="buttons">

                    
                        
                            <div class="add-to-cart-group" data-product="9407" >
                                <div class="not-in-cart">
                                    <button type="button"
                                        class=" add-to-cart btn btn-sm btn-primary"
                                        data-action="add-to-cart"
                                        data-product="9407"
                                        data-quantity="1"
                                        data-to-list="cart"
                                        aria-label="Kjøp Tomater i klase Norge, 500 g"
                                        
                                        
                                        data-tr-location="Popular Products"
                                        >
                                        Kjøp
                                    </button>
                                </div>
                                <div class="in-cart">
                                    <button type="button"
                                        class=" cart-quantity-change position-1"
                                        data-action="add-to-cart"
                                        data-product="9407"
                                        data-quantity="-1"
                                        data-to-list="cart"
                                        aria-label="Fjern 1 Tomater i klase fra handlekurven"
                                        title="Fjern 1 Tomater i klase fra handlekurven"
                                        
                                        
                                        data-tr-location="Popular Products"
                                        >
                                        <svg xmlns="http://www.w3.org/2000/svg" xmlns:xlink="http://www.w3.org/1999/xlink" version="1.1" class="icon icon-minus" y="0" viewBox="0 0 45 45" enable-background="new 0 0 45 45" xml:space="preserve" aria-label="Minus-symbol">
    <rect class="fill" x="0" y="19.6" width="45" height="5.8"/>
</svg>

                                    </button>
                                    <button type="button"
                                        class=" cart-quantity-change position-3"
                                        data-action="add-to-cart"
                                        data-product="9407"
                                        data-quantity="1"
                                        data-to-list="cart"
                                        aria-label="Legg til 1 Tomater i klase i handlekurven"
                                        title="Legg til 1 Tomater i klase i handlekurven"
                                        
                                        
                                        data-tr-location="Popular Products"
                                        >
                                        <svg xmlns="http://www.w3.org/2000/svg" xmlns:xlink="http://www.w3.org/1999/xlink" version="1.1" class="icon icon-plus" x="0" y="0" viewBox="0 0 45 45" enable-background="new 0 0 45 45" xml:space="preserve" aria-label="Pluss-symbol">
    <polygon class="fill" points="45 19.6 25.4 19.6 25.4 0 19.6 0 19.6 19.6 0 19.6 0 25.4 19.6 25.4 19.6 45 25.4 45 25.4 25.4 45 25.4 "/>
</svg>

                                    </button>
                                    <div class="cart-quantity position-2" title="Antall i handlekurven">
                                        
                                    </div>
                                </div>
                            </div>
                        
                    

                </div>

        </div>
    </div>


                    
                        


    <div class="col-xs-6 col-sm-3 col-md-2">
        <div class="product-list-item ">

                


                
                


                
                    <a data-app-open-native href="/produkter/9320-spisspaprika-rod-2-stk-norge/" class="modal-link">
                

                    <div>
                        <div class="image-container">
                            
                                <img src="https://bilder.kolonial.no/produkter/629c2a1a-24a9-4394-8c42-7c5aba9eeab1.jpg?fill=solid&amp;fill-color=ffffff&amp;fit=fill&amp;h=140&amp;w=140&amp;s=583c1348c5063cbeecc9d081d60a8527" alt="Spisspaprika Rød" width="140" height="140" srcset="https://bilder.kolonial.no/produkter/629c2a1a-24a9-4394-8c42-7c5aba9eeab1.jpg?fill=solid&amp;fill-color=ffffff&amp;fit=fill&amp;h=140&amp;w=140&amp;s=583c1348c5063cbeecc9d081d60a8527 1x, https://bilder.kolonial.no/produkter/629c2a1a-24a9-4394-8c42-7c5aba9eeab1.jpg?fill=solid&amp;fill-color=ffffff&amp;fit=fill&amp;h=280&amp;w=280&amp;s=ff5504a8702fda1a06a076f64255c167 2x" />
                            

                            
                            

                            <div class="product-classifiers">
                                

                                

                                

                                

                                

                                

                                

                                

                                

                                
                                    
                                

                            </div>

                        </div>
                    </div>

                    <p class="price label label-price">
                        kr 23,50
                    </p>

                    
                        <p class="unit-price">
                            kr 102,17 per kg
                        </p>
                    

                    <h3 class="name">
                        <div class="name-main wrap-two-lines">Spisspaprika Rød</div>
                        <div class="name-extra wrap-one-line">
                            

                            2 stk, Norge, 230 g
                        </div>
                    </h3>

                    

                        

                    

                
                    </a>
                

                <div class="buttons">

                    
                        
                            <div class="add-to-cart-group" data-product="9320" >
                                <div class="not-in-cart">
                                    <button type="button"
                                        class=" add-to-cart btn btn-sm btn-primary"
                                        data-action="add-to-cart"
                                        data-product="9320"
                                        data-quantity="1"
                                        data-to-list="cart"
                                        aria-label="Kjøp Spisspaprika Rød 2 stk, Norge, 230 g"
                                        
                                        
                                        data-tr-location="Popular Products"
                                        >
                                        Kjøp
                                    </button>
                                </div>
                                <div class="in-cart">
                                    <button type="button"
                                        class=" cart-quantity-change position-1"
                                        data-action="add-to-cart"
                                        data-product="9320"
                                        data-quantity="-1"
                                        data-to-list="cart"
                                        aria-label="Fjern 1 Spisspaprika Rød fra handlekurven"
                                        title="Fjern 1 Spisspaprika Rød fra handlekurven"
                                        
                                        
                                        data-tr-location="Popular Products"
                                        >
                                        <svg xmlns="http://www.w3.org/2000/svg" xmlns:xlink="http://www.w3.org/1999/xlink" version="1.1" class="icon icon-minus" y="0" viewBox="0 0 45 45" enable-background="new 0 0 45 45" xml:space="preserve" aria-label="Minus-symbol">
    <rect class="fill" x="0" y="19.6" width="45" height="5.8"/>
</svg>

                                    </button>
                                    <button type="button"
                                        class=" cart-quantity-change position-3"
                                        data-action="add-to-cart"
                                        data-product="9320"
                                        data-quantity="1"
                                        data-to-list="cart"
                                        aria-label="Legg til 1 Spisspaprika Rød i handlekurven"
                                        title="Legg til 1 Spisspaprika Rød i handlekurven"
                                        
                                        
                                        data-tr-location="Popular Products"
                                        >
                                        <svg xmlns="http://www.w3.org/2000/svg" xmlns:xlink="http://www.w3.org/1999/xlink" version="1.1" class="icon icon-plus" x="0" y="0" viewBox="0 0 45 45" enable-background="new 0 0 45 45" xml:space="preserve" aria-label="Pluss-symbol">
    <polygon class="fill" points="45 19.6 25.4 19.6 25.4 0 19.6 0 19.6 19.6 0 19.6 0 25.4 19.6 25.4 19.6 45 25.4 45 25.4 25.4 45 25.4 "/>
</svg>

                                    </button>
                                    <div class="cart-quantity position-2" title="Antall i handlekurven">
                                        
                                    </div>
                                </div>
                            </div>
                        
                    

                </div>

        </div>
    </div>


                    
                        


    <div class="col-xs-6 col-sm-3 col-md-2">
        <div class="product-list-item ">

                


                
                


                
                    <a data-app-open-native href="/produkter/9329-bananer-colombia-guatemala/" class="modal-link">
                

                    <div>
                        <div class="image-container">
                            
                                <img src="https://bilder.kolonial.no/produkter/4ba60b0c-7b2f-43bb-8883-5732108cbdd6.jpg?fill=solid&amp;fill-color=ffffff&amp;fit=fill&amp;h=140&amp;w=140&amp;s=c009c334d9d1c7805956078005d99481" alt="Bananer" width="140" height="140" srcset="https://bilder.kolonial.no/produkter/4ba60b0c-7b2f-43bb-8883-5732108cbdd6.jpg?fill=solid&amp;fill-color=ffffff&amp;fit=fill&amp;h=140&amp;w=140&amp;s=c009c334d9d1c7805956078005d99481 1x, https://bilder.kolonial.no/produkter/4ba60b0c-7b2f-43bb-8883-5732108cbdd6.jpg?fill=solid&amp;fill-color=ffffff&amp;fit=fill&amp;h=280&amp;w=280&amp;s=c092a4d7df0c701d9552efa2c3c664fd 2x" />
                            

                            
                            

                            <div class="product-classifiers">
                                

                                

                                

                                

                                

                                

                                

                                

                                

                                
                                    
                                

                            </div>

                        </div>
                    </div>

                    <p class="price label label-price">
                        kr 5,80
                    </p>

                    
                        <p class="unit-price">
                            kr 38,67 per kg
                        </p>
                    

                    <h3 class="name">
                        <div class="name-main wrap-two-lines">Bananer</div>
                        <div class="name-extra wrap-one-line">
                            

                            Colombia/ Guatemala, 1 stk
                        </div>
                    </h3>

                    

                        

                    

                
                    </a>
                

                <div class="buttons">

                    
                        
                            <div class="add-to-cart-group" data-product="9329" >
                                <div class="not-in-cart">
                                    <button type="button"
                                        class=" add-to-cart btn btn-sm btn-primary"
                                        data-action="add-to-cart"
                                        data-product="9329"
                                        data-quantity="1"
                                        data-to-list="cart"
                                        aria-label="Kjøp Bananer Colombia/ Guatemala, 1 stk"
                                        
                                        
                                        data-tr-location="Popular Products"
                                        >
                                        Kjøp
                                    </button>
                                </div>
                                <div class="in-cart">
                                    <button type="button"
                                        class=" cart-quantity-change position-1"
                                        data-action="add-to-cart"
                                        data-product="9329"
                                        data-quantity="-1"
                                        data-to-list="cart"
                                        aria-label="Fjern 1 Bananer fra handlekurven"
                                        title="Fjern 1 Bananer fra handlekurven"
                                        
                                        
                                        data-tr-location="Popular Products"
                                        >
                                        <svg xmlns="http://www.w3.org/2000/svg" xmlns:xlink="http://www.w3.org/1999/xlink" version="1.1" class="icon icon-minus" y="0" viewBox="0 0 45 45" enable-background="new 0 0 45 45" xml:space="preserve" aria-label="Minus-symbol">
    <rect class="fill" x="0" y="19.6" width="45" height="5.8"/>
</svg>

                                    </button>
                                    <button type="button"
                                        class=" cart-quantity-change position-3"
                                        data-action="add-to-cart"
                                        data-product="9329"
                                        data-quantity="1"
                                        data-to-list="cart"
                                        aria-label="Legg til 1 Bananer i handlekurven"
                                        title="Legg til 1 Bananer i handlekurven"
                                        
                                        
                                        data-tr-location="Popular Products"
                                        >
                                        <svg xmlns="http://www.w3.org/2000/svg" xmlns:xlink="http://www.w3.org/1999/xlink" version="1.1" class="icon icon-plus" x="0" y="0" viewBox="0 0 45 45" enable-background="new 0 0 45 45" xml:space="preserve" aria-label="Pluss-symbol">
    <polygon class="fill" points="45 19.6 25.4 19.6 25.4 0 19.6 0 19.6 19.6 0 19.6 0 25.4 19.6 25.4 19.6 45 25.4 45 25.4 25.4 45 25.4 "/>
</svg>

                                    </button>
                                    <div class="cart-quantity position-2" title="Antall i handlekurven">
                                        
                                    </div>
                                </div>
                            </div>
                        
                    

                </div>

        </div>
    </div>


                    
                        


    <div class="col-xs-6 col-sm-3 col-md-2">
        <div class="product-list-item ">

                


                
                


                
                    <a data-app-open-native href="/produkter/27248-sitroner-2-3-stk-spania-sorafrika/" class="modal-link">
                

                    <div>
                        <div class="image-container">
                            
                                <img src="https://bilder.kolonial.no/produkter/d60f1fa7-68e0-43fc-8978-5f80b8556e2c.jpg?fill=solid&amp;fill-color=ffffff&amp;fit=fill&amp;h=140&amp;w=140&amp;s=6f84ec6cf44df7def4dce9f137288b26" alt="Sitroner 2/3 stk" width="140" height="140" srcset="https://bilder.kolonial.no/produkter/d60f1fa7-68e0-43fc-8978-5f80b8556e2c.jpg?fill=solid&amp;fill-color=ffffff&amp;fit=fill&amp;h=140&amp;w=140&amp;s=6f84ec6cf44df7def4dce9f137288b26 1x, https://bilder.kolonial.no/produkter/d60f1fa7-68e0-43fc-8978-5f80b8556e2c.jpg?fill=solid&amp;fill-color=ffffff&amp;fit=fill&amp;h=280&amp;w=280&amp;s=3dd9e14f27780a2d258411d109015d1b 2x" />
                            

                            
                            

                            <div class="product-classifiers">
                                

                                

                                

                                

                                

                                

                                

                                

                                

                                
                                    
                                

                            </div>

                        </div>
                    </div>

                    <p class="price label label-price">
                        kr 16,00
                    </p>

                    
                        <p class="unit-price">
                            kr 42,11 per kg
                        </p>
                    

                    <h3 class="name">
                        <div class="name-main wrap-two-lines">Sitroner 2/3 stk</div>
                        <div class="name-extra wrap-one-line">
                            

                            Spania/ Sørafrika, 400 g
                        </div>
                    </h3>

                    

                        

                    

                
                    </a>
                

                <div class="buttons">

                    
                        
                            <div class="add-to-cart-group" data-product="27248" >
                                <div class="not-in-cart">
                                    <button type="button"
                                        class=" add-to-cart btn btn-sm btn-primary"
                                        data-action="add-to-cart"
                                        data-product="27248"
                                        data-quantity="1"
                                        data-to-list="cart"
                                        aria-label="Kjøp Sitroner 2/3 stk Spania/ Sørafrika, 400 g"
                                        
                                        
                                        data-tr-location="Popular Products"
                                        >
                                        Kjøp
                                    </button>
                                </div>
                                <div class="in-cart">
                                    <button type="button"
                                        class=" cart-quantity-change position-1"
                                        data-action="add-to-cart"
                                        data-product="27248"
                                        data-quantity="-1"
                                        data-to-list="cart"
                                        aria-label="Fjern 1 Sitroner 2/3 stk fra handlekurven"
                                        title="Fjern 1 Sitroner 2/3 stk fra handlekurven"
                                        
                                        
                                        data-tr-location="Popular Products"
                                        >
                                        <svg xmlns="http://www.w3.org/2000/svg" xmlns:xlink="http://www.w3.org/1999/xlink" version="1.1" class="icon icon-minus" y="0" viewBox="0 0 45 45" enable-background="new 0 0 45 45" xml:space="preserve" aria-label="Minus-symbol">
    <rect class="fill" x="0" y="19.6" width="45" height="5.8"/>
</svg>

                                    </button>
                                    <button type="button"
                                        class=" cart-quantity-change position-3"
                                        data-action="add-to-cart"
                                        data-product="27248"
                                        data-quantity="1"
                                        data-to-list="cart"
                                        aria-label="Legg til 1 Sitroner 2/3 stk i handlekurven"
                                        title="Legg til 1 Sitroner 2/3 stk i handlekurven"
                                        
                                        
                                        data-tr-location="Popular Products"
                                        >
                                        <svg xmlns="http://www.w3.org/2000/svg" xmlns:xlink="http://www.w3.org/1999/xlink" version="1.1" class="icon icon-plus" x="0" y="0" viewBox="0 0 45 45" enable-background="new 0 0 45 45" xml:space="preserve" aria-label="Pluss-symbol">
    <polygon class="fill" points="45 19.6 25.4 19.6 25.4 0 19.6 0 19.6 19.6 0 19.6 0 25.4 19.6 25.4 19.6 45 25.4 45 25.4 25.4 45 25.4 "/>
</svg>

                                    </button>
                                    <div class="cart-quantity position-2" title="Antall i handlekurven">
                                        
                                    </div>
                                </div>
                            </div>
                        
                    

                </div>

        </div>
    </div>


                    
                        


    <div class="col-xs-6 col-sm-3 col-md-2">
        <div class="product-list-item ">

                


                
                


                
                    <a data-app-open-native href="/produkter/12079-tine-tinemelk-lett-05/" class="modal-link">
                

                    <div>
                        <div class="image-container">
                            
                                <img src="https://bilder.kolonial.no/produkter/47192950-5627-4005-8777-33a811f71772.jpeg?fill=solid&amp;fill-color=ffffff&amp;fit=fill&amp;h=140&amp;w=140&amp;s=059567d148fbefa9ca3ed387f1638427" alt="TineMelk Lett" width="140" height="140" title="Bilde: © Tine / Kolonial.no" srcset="https://bilder.kolonial.no/produkter/47192950-5627-4005-8777-33a811f71772.jpeg?fill=solid&amp;fill-color=ffffff&amp;fit=fill&amp;h=140&amp;w=140&amp;s=059567d148fbefa9ca3ed387f1638427 1x, https://bilder.kolonial.no/produkter/47192950-5627-4005-8777-33a811f71772.jpeg?fill=solid&amp;fill-color=ffffff&amp;fit=fill&amp;h=280&amp;w=280&amp;s=342ad8cba6de32bc0dec5671f585f56e 2x" />
                            

                            
                            

                            <div class="product-classifiers">
                                

                                

                                
                                    <div class="keyhole" title="Produktet er merket med Nøkkelhullet">
                                        <p class="sr-only">
                                            Nøkkelhullet
                                        </p>
                                    </div>
                                

                                
                                    <div class="enjoy_norway" title="Produktet er merket Nyt Norge">
                                        <p class="sr-only">
                                            Nyt Norge
                                        </p>
                                    </div>
                                

                                

                                

                                

                                

                                

                                
                                    
                                        <div class="expiry" title="Vi garanterer 5 dagers holdbarhet på dette produktet">
                                            <p>
                                                5+
                                            </p>
                                        </div>
                                    
                                

                            </div>

                        </div>
                    </div>

                    <p class="price label label-price">
                        kr 28,80
                    </p>

                    
                        <p class="unit-price">
                            kr 16,46 per l
                        </p>
                    

                    <h3 class="name">
                        <div class="name-main wrap-two-lines">TineMelk Lett</div>
                        <div class="name-extra wrap-one-line">
                            

                            0,5%, 1,75 l
                        </div>
                    </h3>

                    

                        

                    

                
                    </a>
                

                <div class="buttons">

                    
                        
                            <div class="add-to-cart-group" data-product="12079" >
                                <div class="not-in-cart">
                                    <button type="button"
                                        class=" add-to-cart btn btn-sm btn-primary"
                                        data-action="add-to-cart"
                                        data-product="12079"
                                        data-quantity="1"
                                        data-to-list="cart"
                                        aria-label="Kjøp TineMelk Lett 0,5%, 1,75 l"
                                        
                                        
                                        data-tr-location="Popular Products"
                                        >
                                        Kjøp
                                    </button>
                                </div>
                                <div class="in-cart">
                                    <button type="button"
                                        class=" cart-quantity-change position-1"
                                        data-action="add-to-cart"
                                        data-product="12079"
                                        data-quantity="-1"
                                        data-to-list="cart"
                                        aria-label="Fjern 1 TineMelk Lett fra handlekurven"
                                        title="Fjern 1 TineMelk Lett fra handlekurven"
                                        
                                        
                                        data-tr-location="Popular Products"
                                        >
                                        <svg xmlns="http://www.w3.org/2000/svg" xmlns:xlink="http://www.w3.org/1999/xlink" version="1.1" class="icon icon-minus" y="0" viewBox="0 0 45 45" enable-background="new 0 0 45 45" xml:space="preserve" aria-label="Minus-symbol">
    <rect class="fill" x="0" y="19.6" width="45" height="5.8"/>
</svg>

                                    </button>
                                    <button type="button"
                                        class=" cart-quantity-change position-3"
                                        data-action="add-to-cart"
                                        data-product="12079"
                                        data-quantity="1"
                                        data-to-list="cart"
                                        aria-label="Legg til 1 TineMelk Lett i handlekurven"
                                        title="Legg til 1 TineMelk Lett i handlekurven"
                                        
                                        
                                        data-tr-location="Popular Products"
                                        >
                                        <svg xmlns="http://www.w3.org/2000/svg" xmlns:xlink="http://www.w3.org/1999/xlink" version="1.1" class="icon icon-plus" x="0" y="0" viewBox="0 0 45 45" enable-background="new 0 0 45 45" xml:space="preserve" aria-label="Pluss-symbol">
    <polygon class="fill" points="45 19.6 25.4 19.6 25.4 0 19.6 0 19.6 19.6 0 19.6 0 25.4 19.6 25.4 19.6 45 25.4 45 25.4 25.4 45 25.4 "/>
</svg>

                                    </button>
                                    <div class="cart-quantity position-2" title="Antall i handlekurven">
                                        
                                    </div>
                                </div>
                            </div>
                        
                    

                </div>

        </div>
    </div>


                    
                        


    <div class="col-xs-6 col-sm-3 col-md-2">
        <div class="product-list-item ">

                


                
                


                
                    <a data-app-open-native href="/produkter/9404-cherrytomater-rode-norge/" class="modal-link">
                

                    <div>
                        <div class="image-container">
                            
                                <img src="https://bilder.kolonial.no/produkter/b8dac246-60ab-4861-b9dd-60e1b3e6bff5.jpg?fill=solid&amp;fill-color=ffffff&amp;fit=fill&amp;h=140&amp;w=140&amp;s=61669bb44c6a75b75327c9caf90e1601" alt="Cherrytomater, Røde" width="140" height="140" srcset="https://bilder.kolonial.no/produkter/b8dac246-60ab-4861-b9dd-60e1b3e6bff5.jpg?fill=solid&amp;fill-color=ffffff&amp;fit=fill&amp;h=140&amp;w=140&amp;s=61669bb44c6a75b75327c9caf90e1601 1x, https://bilder.kolonial.no/produkter/b8dac246-60ab-4861-b9dd-60e1b3e6bff5.jpg?fill=solid&amp;fill-color=ffffff&amp;fit=fill&amp;h=280&amp;w=280&amp;s=b2298155cb60aa3475cb0e81194609c9 2x" />
                            

                            
                            

                            <div class="product-classifiers">
                                

                                

                                

                                

                                

                                

                                

                                

                                

                                
                                    
                                

                            </div>

                        </div>
                    </div>

                    <p class="price label label-price">
                        kr 15,80
                    </p>

                    
                        <p class="unit-price">
                            kr 63,20 per kg
                        </p>
                    

                    <h3 class="name">
                        <div class="name-main wrap-two-lines">Cherrytomater, Røde</div>
                        <div class="name-extra wrap-one-line">
                            

                            Norge, 250 g
                        </div>
                    </h3>

                    

                        

                    

                
                    </a>
                

                <div class="buttons">

                    
                        
                            <div class="add-to-cart-group" data-product="9404" >
                                <div class="not-in-cart">
                                    <button type="button"
                                        class=" add-to-cart btn btn-sm btn-primary"
                                        data-action="add-to-cart"
                                        data-product="9404"
                                        data-quantity="1"
                                        data-to-list="cart"
                                        aria-label="Kjøp Cherrytomater, Røde Norge, 250 g"
                                        
                                        
                                        data-tr-location="Popular Products"
                                        >
                                        Kjøp
                                    </button>
                                </div>
                                <div class="in-cart">
                                    <button type="button"
                                        class=" cart-quantity-change position-1"
                                        data-action="add-to-cart"
                                        data-product="9404"
                                        data-quantity="-1"
                                        data-to-list="cart"
                                        aria-label="Fjern 1 Cherrytomater, Røde fra handlekurven"
                                        title="Fjern 1 Cherrytomater, Røde fra handlekurven"
                                        
                                        
                                        data-tr-location="Popular Products"
                                        >
                                        <svg xmlns="http://www.w3.org/2000/svg" xmlns:xlink="http://www.w3.org/1999/xlink" version="1.1" class="icon icon-minus" y="0" viewBox="0 0 45 45" enable-background="new 0 0 45 45" xml:space="preserve" aria-label="Minus-symbol">
    <rect class="fill" x="0" y="19.6" width="45" height="5.8"/>
</svg>

                                    </button>
                                    <button type="button"
                                        class=" cart-quantity-change position-3"
                                        data-action="add-to-cart"
                                        data-product="9404"
                                        data-quantity="1"
                                        data-to-list="cart"
                                        aria-label="Legg til 1 Cherrytomater, Røde i handlekurven"
                                        title="Legg til 1 Cherrytomater, Røde i handlekurven"
                                        
                                        
                                        data-tr-location="Popular Products"
                                        >
                                        <svg xmlns="http://www.w3.org/2000/svg" xmlns:xlink="http://www.w3.org/1999/xlink" version="1.1" class="icon icon-plus" x="0" y="0" viewBox="0 0 45 45" enable-background="new 0 0 45 45" xml:space="preserve" aria-label="Pluss-symbol">
    <polygon class="fill" points="45 19.6 25.4 19.6 25.4 0 19.6 0 19.6 19.6 0 19.6 0 25.4 19.6 25.4 19.6 45 25.4 45 25.4 25.4 45 25.4 "/>
</svg>

                                    </button>
                                    <div class="cart-quantity position-2" title="Antall i handlekurven">
                                        
                                    </div>
                                </div>
                            </div>
                        
                    

                </div>

        </div>
    </div>


                    
                        


    <div class="col-xs-6 col-sm-3 col-md-2">
        <div class="product-list-item ">

                


                
                


                
                    <a data-app-open-native href="/produkter/8143-tine-tinemelk-lett/" class="modal-link">
                

                    <div>
                        <div class="image-container">
                            
                                <img src="https://bilder.kolonial.no/produkter/4fa6e9fb-d910-43aa-9289-4797278fb773.jpeg?fill=solid&amp;fill-color=ffffff&amp;fit=fill&amp;h=140&amp;w=140&amp;s=28d5ad0d5987b591639e9f7f569d7a11" alt="TineMelk Lett" width="140" height="140" title="Bilde: © Tine / Kolonial.no" srcset="https://bilder.kolonial.no/produkter/4fa6e9fb-d910-43aa-9289-4797278fb773.jpeg?fill=solid&amp;fill-color=ffffff&amp;fit=fill&amp;h=140&amp;w=140&amp;s=28d5ad0d5987b591639e9f7f569d7a11 1x, https://bilder.kolonial.no/produkter/4fa6e9fb-d910-43aa-9289-4797278fb773.jpeg?fill=solid&amp;fill-color=ffffff&amp;fit=fill&amp;h=280&amp;w=280&amp;s=53bda7cb99334d7b97842c49dc64bbbc 2x" />
                            

                            
                            

                            <div class="product-classifiers">
                                

                                

                                

                                
                                    <div class="enjoy_norway" title="Produktet er merket Nyt Norge">
                                        <p class="sr-only">
                                            Nyt Norge
                                        </p>
                                    </div>
                                

                                

                                

                                

                                

                                

                                
                                    
                                        <div class="expiry" title="Vi garanterer 5 dagers holdbarhet på dette produktet">
                                            <p>
                                                5+
                                            </p>
                                        </div>
                                    
                                

                            </div>

                        </div>
                    </div>

                    <p class="price label label-price">
                        kr 30,80
                    </p>

                    
                        <p class="unit-price">
                            kr 17,60 per l
                        </p>
                    

                    <h3 class="name">
                        <div class="name-main wrap-two-lines">TineMelk Lett</div>
                        <div class="name-extra wrap-one-line">
                            

                            1,75 l
                        </div>
                    </h3>

                    

                        

                    

                
                    </a>
                

                <div class="buttons">

                    
                        
                            <div class="add-to-cart-group" data-product="8143" >
                                <div class="not-in-cart">
                                    <button type="button"
                                        class=" add-to-cart btn btn-sm btn-primary"
                                        data-action="add-to-cart"
                                        data-product="8143"
                                        data-quantity="1"
                                        data-to-list="cart"
                                        aria-label="Kjøp TineMelk Lett 1,75 l"
                                        
                                        
                                        data-tr-location="Popular Products"
                                        >
                                        Kjøp
                                    </button>
                                </div>
                                <div class="in-cart">
                                    <button type="button"
                                        class=" cart-quantity-change position-1"
                                        data-action="add-to-cart"
                                        data-product="8143"
                                        data-quantity="-1"
                                        data-to-list="cart"
                                        aria-label="Fjern 1 TineMelk Lett fra handlekurven"
                                        title="Fjern 1 TineMelk Lett fra handlekurven"
                                        
                                        
                                        data-tr-location="Popular Products"
                                        >
                                        <svg xmlns="http://www.w3.org/2000/svg" xmlns:xlink="http://www.w3.org/1999/xlink" version="1.1" class="icon icon-minus" y="0" viewBox="0 0 45 45" enable-background="new 0 0 45 45" xml:space="preserve" aria-label="Minus-symbol">
    <rect class="fill" x="0" y="19.6" width="45" height="5.8"/>
</svg>

                                    </button>
                                    <button type="button"
                                        class=" cart-quantity-change position-3"
                                        data-action="add-to-cart"
                                        data-product="8143"
                                        data-quantity="1"
                                        data-to-list="cart"
                                        aria-label="Legg til 1 TineMelk Lett i handlekurven"
                                        title="Legg til 1 TineMelk Lett i handlekurven"
                                        
                                        
                                        data-tr-location="Popular Products"
                                        >
                                        <svg xmlns="http://www.w3.org/2000/svg" xmlns:xlink="http://www.w3.org/1999/xlink" version="1.1" class="icon icon-plus" x="0" y="0" viewBox="0 0 45 45" enable-background="new 0 0 45 45" xml:space="preserve" aria-label="Pluss-symbol">
    <polygon class="fill" points="45 19.6 25.4 19.6 25.4 0 19.6 0 19.6 19.6 0 19.6 0 25.4 19.6 25.4 19.6 45 25.4 45 25.4 25.4 45 25.4 "/>
</svg>

                                    </button>
                                    <div class="cart-quantity position-2" title="Antall i handlekurven">
                                        
                                    </div>
                                </div>
                            </div>
                        
                    

                </div>

        </div>
    </div>


                    
                        


    <div class="col-xs-6 col-sm-3 col-md-2">
        <div class="product-list-item ">

                


                
                


                
                    <a data-app-open-native href="/produkter/428-tine-lettromme-18/" class="modal-link">
                

                    <div>
                        <div class="image-container">
                            
                                <img src="https://bilder.kolonial.no/produkter/fa54a823-1eee-49cd-bcd4-c6c550e68a62.jpeg?fill=solid&amp;fill-color=ffffff&amp;fit=fill&amp;h=140&amp;w=140&amp;s=ee1e2e6ea9fbbc50254c3e33bb5d1f63" alt="Lettrømme" width="140" height="140" title="Bilde: © Tine / Kolonial.no" srcset="https://bilder.kolonial.no/produkter/fa54a823-1eee-49cd-bcd4-c6c550e68a62.jpeg?fill=solid&amp;fill-color=ffffff&amp;fit=fill&amp;h=140&amp;w=140&amp;s=ee1e2e6ea9fbbc50254c3e33bb5d1f63 1x, https://bilder.kolonial.no/produkter/fa54a823-1eee-49cd-bcd4-c6c550e68a62.jpeg?fill=solid&amp;fill-color=ffffff&amp;fit=fill&amp;h=280&amp;w=280&amp;s=4e9044a3082989d17131a21fde23d5a7 2x" />
                            

                            
                            

                            <div class="product-classifiers">
                                

                                

                                

                                
                                    <div class="enjoy_norway" title="Produktet er merket Nyt Norge">
                                        <p class="sr-only">
                                            Nyt Norge
                                        </p>
                                    </div>
                                

                                

                                

                                

                                

                                

                                
                                    
                                

                            </div>

                        </div>
                    </div>

                    <p class="price label label-price">
                        kr 14,90
                    </p>

                    
                        <p class="unit-price">
                            kr 49,67 per kg
                        </p>
                    

                    <h3 class="name">
                        <div class="name-main wrap-two-lines">Lettrømme</div>
                        <div class="name-extra wrap-one-line">
                            

                            18%, 300 g
                        </div>
                    </h3>

                    

                        

                    

                
                    </a>
                

                <div class="buttons">

                    
                        
                            <div class="add-to-cart-group" data-product="428" >
                                <div class="not-in-cart">
                                    <button type="button"
                                        class=" add-to-cart btn btn-sm btn-primary"
                                        data-action="add-to-cart"
                                        data-product="428"
                                        data-quantity="1"
                                        data-to-list="cart"
                                        aria-label="Kjøp Lettrømme 18%, 300 g"
                                        
                                        
                                        data-tr-location="Popular Products"
                                        >
                                        Kjøp
                                    </button>
                                </div>
                                <div class="in-cart">
                                    <button type="button"
                                        class=" cart-quantity-change position-1"
                                        data-action="add-to-cart"
                                        data-product="428"
                                        data-quantity="-1"
                                        data-to-list="cart"
                                        aria-label="Fjern 1 Lettrømme fra handlekurven"
                                        title="Fjern 1 Lettrømme fra handlekurven"
                                        
                                        
                                        data-tr-location="Popular Products"
                                        >
                                        <svg xmlns="http://www.w3.org/2000/svg" xmlns:xlink="http://www.w3.org/1999/xlink" version="1.1" class="icon icon-minus" y="0" viewBox="0 0 45 45" enable-background="new 0 0 45 45" xml:space="preserve" aria-label="Minus-symbol">
    <rect class="fill" x="0" y="19.6" width="45" height="5.8"/>
</svg>

                                    </button>
                                    <button type="button"
                                        class=" cart-quantity-change position-3"
                                        data-action="add-to-cart"
                                        data-product="428"
                                        data-quantity="1"
                                        data-to-list="cart"
                                        aria-label="Legg til 1 Lettrømme i handlekurven"
                                        title="Legg til 1 Lettrømme i handlekurven"
                                        
                                        
                                        data-tr-location="Popular Products"
                                        >
                                        <svg xmlns="http://www.w3.org/2000/svg" xmlns:xlink="http://www.w3.org/1999/xlink" version="1.1" class="icon icon-plus" x="0" y="0" viewBox="0 0 45 45" enable-background="new 0 0 45 45" xml:space="preserve" aria-label="Pluss-symbol">
    <polygon class="fill" points="45 19.6 25.4 19.6 25.4 0 19.6 0 19.6 19.6 0 19.6 0 25.4 19.6 25.4 19.6 45 25.4 45 25.4 25.4 45 25.4 "/>
</svg>

                                    </button>
                                    <div class="cart-quantity position-2" title="Antall i handlekurven">
                                        
                                    </div>
                                </div>
                            </div>
                        
                    

                </div>

        </div>
    </div>


                    
                        


    <div class="col-xs-6 col-sm-3 col-md-2">
        <div class="product-list-item ">

                


                
                


                
                    <a data-app-open-native href="/produkter/9221-rodlok-strompe-2-stk-norge/" class="modal-link">
                

                    <div>
                        <div class="image-container">
                            
                                <img src="https://bilder.kolonial.no/produkter/2fc2bd66-c7da-4432-ba54-3605c90198e3.jpg?fill=solid&amp;fill-color=ffffff&amp;fit=fill&amp;h=140&amp;w=140&amp;s=433c68cd3d67ed3f6710cdd1f5adf907" alt="Rødløk Strømpe" width="140" height="140" srcset="https://bilder.kolonial.no/produkter/2fc2bd66-c7da-4432-ba54-3605c90198e3.jpg?fill=solid&amp;fill-color=ffffff&amp;fit=fill&amp;h=140&amp;w=140&amp;s=433c68cd3d67ed3f6710cdd1f5adf907 1x, https://bilder.kolonial.no/produkter/2fc2bd66-c7da-4432-ba54-3605c90198e3.jpg?fill=solid&amp;fill-color=ffffff&amp;fit=fill&amp;h=280&amp;w=280&amp;s=8e4343a6208f7332ed7b454b714fe676 2x" />
                            

                            
                            

                            <div class="product-classifiers">
                                

                                

                                

                                

                                

                                

                                

                                

                                

                                
                                    
                                

                            </div>

                        </div>
                    </div>

                    <p class="price label label-price">
                        kr 15,70
                    </p>

                    
                        <p class="unit-price">
                            kr 41,87 per kg
                        </p>
                    

                    <h3 class="name">
                        <div class="name-main wrap-two-lines">Rødløk Strømpe</div>
                        <div class="name-extra wrap-one-line">
                            

                            2 stk  Norge, 375 g
                        </div>
                    </h3>

                    

                        

                    

                
                    </a>
                

                <div class="buttons">

                    
                        
                            <div class="add-to-cart-group" data-product="9221" >
                                <div class="not-in-cart">
                                    <button type="button"
                                        class=" add-to-cart btn btn-sm btn-primary"
                                        data-action="add-to-cart"
                                        data-product="9221"
                                        data-quantity="1"
                                        data-to-list="cart"
                                        aria-label="Kjøp Rødløk Strømpe 2 stk  Norge, 375 g"
                                        
                                        
                                        data-tr-location="Popular Products"
                                        >
                                        Kjøp
                                    </button>
                                </div>
                                <div class="in-cart">
                                    <button type="button"
                                        class=" cart-quantity-change position-1"
                                        data-action="add-to-cart"
                                        data-product="9221"
                                        data-quantity="-1"
                                        data-to-list="cart"
                                        aria-label="Fjern 1 Rødløk Strømpe fra handlekurven"
                                        title="Fjern 1 Rødløk Strømpe fra handlekurven"
                                        
                                        
                                        data-tr-location="Popular Products"
                                        >
                                        <svg xmlns="http://www.w3.org/2000/svg" xmlns:xlink="http://www.w3.org/1999/xlink" version="1.1" class="icon icon-minus" y="0" viewBox="0 0 45 45" enable-background="new 0 0 45 45" xml:space="preserve" aria-label="Minus-symbol">
    <rect class="fill" x="0" y="19.6" width="45" height="5.8"/>
</svg>

                                    </button>
                                    <button type="button"
                                        class=" cart-quantity-change position-3"
                                        data-action="add-to-cart"
                                        data-product="9221"
                                        data-quantity="1"
                                        data-to-list="cart"
                                        aria-label="Legg til 1 Rødløk Strømpe i handlekurven"
                                        title="Legg til 1 Rødløk Strømpe i handlekurven"
                                        
                                        
                                        data-tr-location="Popular Products"
                                        >
                                        <svg xmlns="http://www.w3.org/2000/svg" xmlns:xlink="http://www.w3.org/1999/xlink" version="1.1" class="icon icon-plus" x="0" y="0" viewBox="0 0 45 45" enable-background="new 0 0 45 45" xml:space="preserve" aria-label="Pluss-symbol">
    <polygon class="fill" points="45 19.6 25.4 19.6 25.4 0 19.6 0 19.6 19.6 0 19.6 0 25.4 19.6 25.4 19.6 45 25.4 45 25.4 25.4 45 25.4 "/>
</svg>

                                    </button>
                                    <div class="cart-quantity position-2" title="Antall i handlekurven">
                                        
                                    </div>
                                </div>
                            </div>
                        
                    

                </div>

        </div>
    </div>


                    
                        


    <div class="col-xs-6 col-sm-3 col-md-2">
        <div class="product-list-item ">

                


                
                


                
                    <a data-app-open-native href="/produkter/17725-q-meieriene-q-melk-lett-05/" class="modal-link">
                

                    <div>
                        <div class="image-container">
                            
                                <img src="https://bilder.kolonial.no/produkter/82b4679d-5403-4906-baf7-c7437191ca80.jpeg?fill=solid&amp;fill-color=ffffff&amp;fit=fill&amp;h=140&amp;w=140&amp;s=c30aa2d0739e714eb1b2b39bad0a7b1c" alt="Q Melk Lett" width="140" height="140" title="Bilde: © Q-meieriene / Kolonial.no" srcset="https://bilder.kolonial.no/produkter/82b4679d-5403-4906-baf7-c7437191ca80.jpeg?fill=solid&amp;fill-color=ffffff&amp;fit=fill&amp;h=140&amp;w=140&amp;s=c30aa2d0739e714eb1b2b39bad0a7b1c 1x, https://bilder.kolonial.no/produkter/82b4679d-5403-4906-baf7-c7437191ca80.jpeg?fill=solid&amp;fill-color=ffffff&amp;fit=fill&amp;h=280&amp;w=280&amp;s=32246b68cd493f3e74a4fa65e6709756 2x" />
                            

                            
                            

                            <div class="product-classifiers">
                                

                                

                                
                                    <div class="keyhole" title="Produktet er merket med Nøkkelhullet">
                                        <p class="sr-only">
                                            Nøkkelhullet
                                        </p>
                                    </div>
                                

                                

                                

                                

                                

                                

                                

                                
                                    
                                        <div class="expiry" title="Vi garanterer 5 dagers holdbarhet på dette produktet">
                                            <p>
                                                5+
                                            </p>
                                        </div>
                                    
                                

                            </div>

                        </div>
                    </div>

                    <p class="price label label-price">
                        kr 26,80
                    </p>

                    
                        <p class="unit-price">
                            kr 15,31 per l
                        </p>
                    

                    <h3 class="name">
                        <div class="name-main wrap-two-lines">Q Melk Lett</div>
                        <div class="name-extra wrap-one-line">
                            

                            0,5%, 1,75 l
                        </div>
                    </h3>

                    

                        

                    

                
                    </a>
                

                <div class="buttons">

                    
                        
                            <div class="add-to-cart-group" data-product="17725" >
                                <div class="not-in-cart">
                                    <button type="button"
                                        class=" add-to-cart btn btn-sm btn-primary"
                                        data-action="add-to-cart"
                                        data-product="17725"
                                        data-quantity="1"
                                        data-to-list="cart"
                                        aria-label="Kjøp Q Melk Lett 0,5%, 1,75 l"
                                        
                                        
                                        data-tr-location="Popular Products"
                                        >
                                        Kjøp
                                    </button>
                                </div>
                                <div class="in-cart">
                                    <button type="button"
                                        class=" cart-quantity-change position-1"
                                        data-action="add-to-cart"
                                        data-product="17725"
                                        data-quantity="-1"
                                        data-to-list="cart"
                                        aria-label="Fjern 1 Q Melk Lett fra handlekurven"
                                        title="Fjern 1 Q Melk Lett fra handlekurven"
                                        
                                        
                                        data-tr-location="Popular Products"
                                        >
                                        <svg xmlns="http://www.w3.org/2000/svg" xmlns:xlink="http://www.w3.org/1999/xlink" version="1.1" class="icon icon-minus" y="0" viewBox="0 0 45 45" enable-background="new 0 0 45 45" xml:space="preserve" aria-label="Minus-symbol">
    <rect class="fill" x="0" y="19.6" width="45" height="5.8"/>
</svg>

                                    </button>
                                    <button type="button"
                                        class=" cart-quantity-change position-3"
                                        data-action="add-to-cart"
                                        data-product="17725"
                                        data-quantity="1"
                                        data-to-list="cart"
                                        aria-label="Legg til 1 Q Melk Lett i handlekurven"
                                        title="Legg til 1 Q Melk Lett i handlekurven"
                                        
                                        
                                        data-tr-location="Popular Products"
                                        >
                                        <svg xmlns="http://www.w3.org/2000/svg" xmlns:xlink="http://www.w3.org/1999/xlink" version="1.1" class="icon icon-plus" x="0" y="0" viewBox="0 0 45 45" enable-background="new 0 0 45 45" xml:space="preserve" aria-label="Pluss-symbol">
    <polygon class="fill" points="45 19.6 25.4 19.6 25.4 0 19.6 0 19.6 19.6 0 19.6 0 25.4 19.6 25.4 19.6 45 25.4 45 25.4 25.4 45 25.4 "/>
</svg>

                                    </button>
                                    <div class="cart-quantity position-2" title="Antall i handlekurven">
                                        
                                    </div>
                                </div>
                            </div>
                        
                    

                </div>

        </div>
    </div>


                    
                        


    <div class="col-xs-6 col-sm-3 col-md-2">
        <div class="product-list-item ">

                


                
                


                
                    <a data-app-open-native href="/produkter/27853-gulrotter-vasket-norge/" class="modal-link">
                

                    <div>
                        <div class="image-container">
                            
                                <img src="https://bilder.kolonial.no/produkter/a03a87e7-6ead-433e-a823-bfbcd697dcc3.jpg?fill=solid&amp;fill-color=ffffff&amp;fit=fill&amp;h=140&amp;w=140&amp;s=4b75c569f4262fcc2a57448a527a1d64" alt="Gulrøtter vasket" width="140" height="140" srcset="https://bilder.kolonial.no/produkter/a03a87e7-6ead-433e-a823-bfbcd697dcc3.jpg?fill=solid&amp;fill-color=ffffff&amp;fit=fill&amp;h=140&amp;w=140&amp;s=4b75c569f4262fcc2a57448a527a1d64 1x, https://bilder.kolonial.no/produkter/a03a87e7-6ead-433e-a823-bfbcd697dcc3.jpg?fill=solid&amp;fill-color=ffffff&amp;fit=fill&amp;h=280&amp;w=280&amp;s=3b44e4e20d46861ada781fa16e878b7f 2x" />
                            

                            
                            

                            <div class="product-classifiers">
                                

                                

                                

                                

                                

                                

                                

                                

                                

                                
                                    
                                

                            </div>

                        </div>
                    </div>

                    <p class="price label label-price">
                        kr 35,90
                    </p>

                    
                        <p class="unit-price">
                            kr 35,90 per kg
                        </p>
                    

                    <h3 class="name">
                        <div class="name-main wrap-two-lines">Gulrøtter vasket</div>
                        <div class="name-extra wrap-one-line">
                            

                            Norge, 1 kg
                        </div>
                    </h3>

                    

                        

                    

                
                    </a>
                

                <div class="buttons">

                    
                        
                            <div class="add-to-cart-group" data-product="27853" >
                                <div class="not-in-cart">
                                    <button type="button"
                                        class=" add-to-cart btn btn-sm btn-primary"
                                        data-action="add-to-cart"
                                        data-product="27853"
                                        data-quantity="1"
                                        data-to-list="cart"
                                        aria-label="Kjøp Gulrøtter vasket Norge, 1 kg"
                                        
                                        
                                        data-tr-location="Popular Products"
                                        >
                                        Kjøp
                                    </button>
                                </div>
                                <div class="in-cart">
                                    <button type="button"
                                        class=" cart-quantity-change position-1"
                                        data-action="add-to-cart"
                                        data-product="27853"
                                        data-quantity="-1"
                                        data-to-list="cart"
                                        aria-label="Fjern 1 Gulrøtter vasket fra handlekurven"
                                        title="Fjern 1 Gulrøtter vasket fra handlekurven"
                                        
                                        
                                        data-tr-location="Popular Products"
                                        >
                                        <svg xmlns="http://www.w3.org/2000/svg" xmlns:xlink="http://www.w3.org/1999/xlink" version="1.1" class="icon icon-minus" y="0" viewBox="0 0 45 45" enable-background="new 0 0 45 45" xml:space="preserve" aria-label="Minus-symbol">
    <rect class="fill" x="0" y="19.6" width="45" height="5.8"/>
</svg>

                                    </button>
                                    <button type="button"
                                        class=" cart-quantity-change position-3"
                                        data-action="add-to-cart"
                                        data-product="27853"
                                        data-quantity="1"
                                        data-to-list="cart"
                                        aria-label="Legg til 1 Gulrøtter vasket i handlekurven"
                                        title="Legg til 1 Gulrøtter vasket i handlekurven"
                                        
                                        
                                        data-tr-location="Popular Products"
                                        >
                                        <svg xmlns="http://www.w3.org/2000/svg" xmlns:xlink="http://www.w3.org/1999/xlink" version="1.1" class="icon icon-plus" x="0" y="0" viewBox="0 0 45 45" enable-background="new 0 0 45 45" xml:space="preserve" aria-label="Pluss-symbol">
    <polygon class="fill" points="45 19.6 25.4 19.6 25.4 0 19.6 0 19.6 19.6 0 19.6 0 25.4 19.6 25.4 19.6 45 25.4 45 25.4 25.4 45 25.4 "/>
</svg>

                                    </button>
                                    <div class="cart-quantity position-2" title="Antall i handlekurven">
                                        
                                    </div>
                                </div>
                            </div>
                        
                    

                </div>

        </div>
    </div>


                    
                        


    <div class="col-xs-6 col-sm-3 col-md-2">
        <div class="product-list-item ">

                


                
                


                
                    <a data-app-open-native href="/produkter/26541-pink-lady-epler-chile-sor-afrika/" class="modal-link">
                

                    <div>
                        <div class="image-container">
                            
                                <img src="https://bilder.kolonial.no/produkter/d8d88ad9-fa71-4898-a2df-7c672563b9d8.jpg?fill=solid&amp;fill-color=ffffff&amp;fit=fill&amp;h=140&amp;w=140&amp;s=de0380599121a6a3d633ecc3c0f59a2c" alt="Pink Lady Epler" width="140" height="140" srcset="https://bilder.kolonial.no/produkter/d8d88ad9-fa71-4898-a2df-7c672563b9d8.jpg?fill=solid&amp;fill-color=ffffff&amp;fit=fill&amp;h=140&amp;w=140&amp;s=de0380599121a6a3d633ecc3c0f59a2c 1x, https://bilder.kolonial.no/produkter/d8d88ad9-fa71-4898-a2df-7c672563b9d8.jpg?fill=solid&amp;fill-color=ffffff&amp;fit=fill&amp;h=280&amp;w=280&amp;s=0f281e4aa426d1df6a231af8fabdd72f 2x" />
                            

                            
                            

                            <div class="product-classifiers">
                                

                                

                                

                                

                                

                                

                                

                                

                                

                                
                                    
                                

                            </div>

                        </div>
                    </div>

                    <p class="price label label-price">
                        kr 55,70
                    </p>

                    
                        <p class="unit-price">
                            kr 65,53 per kg
                        </p>
                    

                    <h3 class="name">
                        <div class="name-main wrap-two-lines">Pink Lady Epler</div>
                        <div class="name-extra wrap-one-line">
                            

                            Chile/ Sør Afrika, 6 stk
                        </div>
                    </h3>

                    

                        

                    

                
                    </a>
                

                <div class="buttons">

                    
                        
                            <div class="add-to-cart-group" data-product="26541" >
                                <div class="not-in-cart">
                                    <button type="button"
                                        class=" add-to-cart btn btn-sm btn-primary"
                                        data-action="add-to-cart"
                                        data-product="26541"
                                        data-quantity="1"
                                        data-to-list="cart"
                                        aria-label="Kjøp Pink Lady Epler Chile/ Sør Afrika, 6 stk"
                                        
                                        
                                        data-tr-location="Popular Products"
                                        >
                                        Kjøp
                                    </button>
                                </div>
                                <div class="in-cart">
                                    <button type="button"
                                        class=" cart-quantity-change position-1"
                                        data-action="add-to-cart"
                                        data-product="26541"
                                        data-quantity="-1"
                                        data-to-list="cart"
                                        aria-label="Fjern 1 Pink Lady Epler fra handlekurven"
                                        title="Fjern 1 Pink Lady Epler fra handlekurven"
                                        
                                        
                                        data-tr-location="Popular Products"
                                        >
                                        <svg xmlns="http://www.w3.org/2000/svg" xmlns:xlink="http://www.w3.org/1999/xlink" version="1.1" class="icon icon-minus" y="0" viewBox="0 0 45 45" enable-background="new 0 0 45 45" xml:space="preserve" aria-label="Minus-symbol">
    <rect class="fill" x="0" y="19.6" width="45" height="5.8"/>
</svg>

                                    </button>
                                    <button type="button"
                                        class=" cart-quantity-change position-3"
                                        data-action="add-to-cart"
                                        data-product="26541"
                                        data-quantity="1"
                                        data-to-list="cart"
                                        aria-label="Legg til 1 Pink Lady Epler i handlekurven"
                                        title="Legg til 1 Pink Lady Epler i handlekurven"
                                        
                                        
                                        data-tr-location="Popular Products"
                                        >
                                        <svg xmlns="http://www.w3.org/2000/svg" xmlns:xlink="http://www.w3.org/1999/xlink" version="1.1" class="icon icon-plus" x="0" y="0" viewBox="0 0 45 45" enable-background="new 0 0 45 45" xml:space="preserve" aria-label="Pluss-symbol">
    <polygon class="fill" points="45 19.6 25.4 19.6 25.4 0 19.6 0 19.6 19.6 0 19.6 0 25.4 19.6 25.4 19.6 45 25.4 45 25.4 25.4 45 25.4 "/>
</svg>

                                    </button>
                                    <div class="cart-quantity position-2" title="Antall i handlekurven">
                                        
                                    </div>
                                </div>
                            </div>
                        
                    

                </div>

        </div>
    </div>


                    
                        


    <div class="col-xs-6 col-sm-3 col-md-2">
        <div class="product-list-item ">

                


                
                


                
                    <a data-app-open-native href="/produkter/9263-druer-rode-stenfrie-kurv-egypt/" class="modal-link">
                

                    <div>
                        <div class="image-container">
                            
                                <img src="https://bilder.kolonial.no/produkter/424edac6-c27f-4990-bcb1-048c36dad16a.jpg?fill=solid&amp;fill-color=ffffff&amp;fit=fill&amp;h=140&amp;w=140&amp;s=f764b0fcae838a79dd110bfbd7e56ed5" alt="Druer Røde Stenfrie" width="140" height="140" srcset="https://bilder.kolonial.no/produkter/424edac6-c27f-4990-bcb1-048c36dad16a.jpg?fill=solid&amp;fill-color=ffffff&amp;fit=fill&amp;h=140&amp;w=140&amp;s=f764b0fcae838a79dd110bfbd7e56ed5 1x, https://bilder.kolonial.no/produkter/424edac6-c27f-4990-bcb1-048c36dad16a.jpg?fill=solid&amp;fill-color=ffffff&amp;fit=fill&amp;h=280&amp;w=280&amp;s=307741b9e322436ef72be7919dcc994a 2x" />
                            

                            
                            

                            <div class="product-classifiers">
                                

                                

                                

                                

                                

                                

                                

                                

                                

                                
                                    
                                

                            </div>

                        </div>
                    </div>

                    <p class="price label label-price">
                        kr 34,90
                    </p>

                    
                        <p class="unit-price">
                            kr 69,80 per kg
                        </p>
                    

                    <h3 class="name">
                        <div class="name-main wrap-two-lines">Druer Røde Stenfrie</div>
                        <div class="name-extra wrap-one-line">
                            

                            Kurv, Egypt, 500 g
                        </div>
                    </h3>

                    

                        

                    

                
                    </a>
                

                <div class="buttons">

                    
                        
                            <div class="add-to-cart-group" data-product="9263" >
                                <div class="not-in-cart">
                                    <button type="button"
                                        class=" add-to-cart btn btn-sm btn-primary"
                                        data-action="add-to-cart"
                                        data-product="9263"
                                        data-quantity="1"
                                        data-to-list="cart"
                                        aria-label="Kjøp Druer Røde Stenfrie Kurv, Egypt, 500 g"
                                        
                                        
                                        data-tr-location="Popular Products"
                                        >
                                        Kjøp
                                    </button>
                                </div>
                                <div class="in-cart">
                                    <button type="button"
                                        class=" cart-quantity-change position-1"
                                        data-action="add-to-cart"
                                        data-product="9263"
                                        data-quantity="-1"
                                        data-to-list="cart"
                                        aria-label="Fjern 1 Druer Røde Stenfrie fra handlekurven"
                                        title="Fjern 1 Druer Røde Stenfrie fra handlekurven"
                                        
                                        
                                        data-tr-location="Popular Products"
                                        >
                                        <svg xmlns="http://www.w3.org/2000/svg" xmlns:xlink="http://www.w3.org/1999/xlink" version="1.1" class="icon icon-minus" y="0" viewBox="0 0 45 45" enable-background="new 0 0 45 45" xml:space="preserve" aria-label="Minus-symbol">
    <rect class="fill" x="0" y="19.6" width="45" height="5.8"/>
</svg>

                                    </button>
                                    <button type="button"
                                        class=" cart-quantity-change position-3"
                                        data-action="add-to-cart"
                                        data-product="9263"
                                        data-quantity="1"
                                        data-to-list="cart"
                                        aria-label="Legg til 1 Druer Røde Stenfrie i handlekurven"
                                        title="Legg til 1 Druer Røde Stenfrie i handlekurven"
                                        
                                        
                                        data-tr-location="Popular Products"
                                        >
                                        <svg xmlns="http://www.w3.org/2000/svg" xmlns:xlink="http://www.w3.org/1999/xlink" version="1.1" class="icon icon-plus" x="0" y="0" viewBox="0 0 45 45" enable-background="new 0 0 45 45" xml:space="preserve" aria-label="Pluss-symbol">
    <polygon class="fill" points="45 19.6 25.4 19.6 25.4 0 19.6 0 19.6 19.6 0 19.6 0 25.4 19.6 25.4 19.6 45 25.4 45 25.4 25.4 45 25.4 "/>
</svg>

                                    </button>
                                    <div class="cart-quantity position-2" title="Antall i handlekurven">
                                        
                                    </div>
                                </div>
                            </div>
                        
                    

                </div>

        </div>
    </div>


                    
                        


    <div class="col-xs-6 col-sm-3 col-md-2">
        <div class="product-list-item ">

                


                
                


                
                    <a data-app-open-native href="/produkter/9215-gul-lok-2-stk-norge/" class="modal-link">
                

                    <div>
                        <div class="image-container">
                            
                                <img src="https://bilder.kolonial.no/produkter/a4549134-da99-4f11-9297-3240a422ca61.jpg?fill=solid&amp;fill-color=ffffff&amp;fit=fill&amp;h=140&amp;w=140&amp;s=fc9235c7c593fc848d38d9789f18ab59" alt="Gul Løk" width="140" height="140" srcset="https://bilder.kolonial.no/produkter/a4549134-da99-4f11-9297-3240a422ca61.jpg?fill=solid&amp;fill-color=ffffff&amp;fit=fill&amp;h=140&amp;w=140&amp;s=fc9235c7c593fc848d38d9789f18ab59 1x, https://bilder.kolonial.no/produkter/a4549134-da99-4f11-9297-3240a422ca61.jpg?fill=solid&amp;fill-color=ffffff&amp;fit=fill&amp;h=280&amp;w=280&amp;s=104f768d588f6920a9d9464db491c933 2x" />
                            

                            
                            

                            <div class="product-classifiers">
                                

                                

                                

                                

                                

                                

                                

                                

                                

                                
                                    
                                

                            </div>

                        </div>
                    </div>

                    <p class="price label label-price">
                        kr 16,40
                    </p>

                    
                        <p class="unit-price">
                            kr 32,80 per kg
                        </p>
                    

                    <h3 class="name">
                        <div class="name-main wrap-two-lines">Gul Løk</div>
                        <div class="name-extra wrap-one-line">
                            

                            2 stk, Norge, 500 g
                        </div>
                    </h3>

                    

                        

                    

                
                    </a>
                

                <div class="buttons">

                    
                        
                            <div class="add-to-cart-group" data-product="9215" >
                                <div class="not-in-cart">
                                    <button type="button"
                                        class=" add-to-cart btn btn-sm btn-primary"
                                        data-action="add-to-cart"
                                        data-product="9215"
                                        data-quantity="1"
                                        data-to-list="cart"
                                        aria-label="Kjøp Gul Løk 2 stk, Norge, 500 g"
                                        
                                        
                                        data-tr-location="Popular Products"
                                        >
                                        Kjøp
                                    </button>
                                </div>
                                <div class="in-cart">
                                    <button type="button"
                                        class=" cart-quantity-change position-1"
                                        data-action="add-to-cart"
                                        data-product="9215"
                                        data-quantity="-1"
                                        data-to-list="cart"
                                        aria-label="Fjern 1 Gul Løk fra handlekurven"
                                        title="Fjern 1 Gul Løk fra handlekurven"
                                        
                                        
                                        data-tr-location="Popular Products"
                                        >
                                        <svg xmlns="http://www.w3.org/2000/svg" xmlns:xlink="http://www.w3.org/1999/xlink" version="1.1" class="icon icon-minus" y="0" viewBox="0 0 45 45" enable-background="new 0 0 45 45" xml:space="preserve" aria-label="Minus-symbol">
    <rect class="fill" x="0" y="19.6" width="45" height="5.8"/>
</svg>

                                    </button>
                                    <button type="button"
                                        class=" cart-quantity-change position-3"
                                        data-action="add-to-cart"
                                        data-product="9215"
                                        data-quantity="1"
                                        data-to-list="cart"
                                        aria-label="Legg til 1 Gul Løk i handlekurven"
                                        title="Legg til 1 Gul Løk i handlekurven"
                                        
                                        
                                        data-tr-location="Popular Products"
                                        >
                                        <svg xmlns="http://www.w3.org/2000/svg" xmlns:xlink="http://www.w3.org/1999/xlink" version="1.1" class="icon icon-plus" x="0" y="0" viewBox="0 0 45 45" enable-background="new 0 0 45 45" xml:space="preserve" aria-label="Pluss-symbol">
    <polygon class="fill" points="45 19.6 25.4 19.6 25.4 0 19.6 0 19.6 19.6 0 19.6 0 25.4 19.6 25.4 19.6 45 25.4 45 25.4 25.4 45 25.4 "/>
</svg>

                                    </button>
                                    <div class="cart-quantity position-2" title="Antall i handlekurven">
                                        
                                    </div>
                                </div>
                            </div>
                        
                    

                </div>

        </div>
    </div>


                    
                        


    <div class="col-xs-6 col-sm-3 col-md-2">
        <div class="product-list-item ">

                


                
                


                
                    <a data-app-open-native href="/produkter/27016-paprika-rod-sma-laveste-pris-holland/" class="modal-link">
                

                    <div>
                        <div class="image-container">
                            
                                <img src="https://bilder.kolonial.no/produkter/65d46ecb-8f14-49a8-87ff-195fe2db8cff.jpg?fill=solid&amp;fill-color=ffffff&amp;fit=fill&amp;h=140&amp;w=140&amp;s=6476dd74325f1e2e3261db65eeb3c9f9" alt="Paprika Rød, Små" width="140" height="140" srcset="https://bilder.kolonial.no/produkter/65d46ecb-8f14-49a8-87ff-195fe2db8cff.jpg?fill=solid&amp;fill-color=ffffff&amp;fit=fill&amp;h=140&amp;w=140&amp;s=6476dd74325f1e2e3261db65eeb3c9f9 1x, https://bilder.kolonial.no/produkter/65d46ecb-8f14-49a8-87ff-195fe2db8cff.jpg?fill=solid&amp;fill-color=ffffff&amp;fit=fill&amp;h=280&amp;w=280&amp;s=832a7e0c0dbeb317fba193d992eb13dc 2x" />
                            

                            
                            

                            <div class="product-classifiers">
                                

                                

                                

                                

                                

                                

                                

                                

                                

                                
                                    
                                

                            </div>

                        </div>
                    </div>

                    <p class="price label label-price">
                        kr 9,10
                    </p>

                    
                        <p class="unit-price">
                            kr 28,44 per kg
                        </p>
                    

                    <h3 class="name">
                        <div class="name-main wrap-two-lines">Paprika Rød, Små</div>
                        <div class="name-extra wrap-one-line">
                            

                            Laveste Pris, Holland, 3 stk
                        </div>
                    </h3>

                    

                        

                    

                
                    </a>
                

                <div class="buttons">

                    
                        
                            <div class="add-to-cart-group" data-product="27016" >
                                <div class="not-in-cart">
                                    <button type="button"
                                        class=" add-to-cart btn btn-sm btn-primary"
                                        data-action="add-to-cart"
                                        data-product="27016"
                                        data-quantity="1"
                                        data-to-list="cart"
                                        aria-label="Kjøp Paprika Rød, Små Laveste Pris, Holland, 3 stk"
                                        
                                        
                                        data-tr-location="Popular Products"
                                        >
                                        Kjøp
                                    </button>
                                </div>
                                <div class="in-cart">
                                    <button type="button"
                                        class=" cart-quantity-change position-1"
                                        data-action="add-to-cart"
                                        data-product="27016"
                                        data-quantity="-1"
                                        data-to-list="cart"
                                        aria-label="Fjern 1 Paprika Rød, Små fra handlekurven"
                                        title="Fjern 1 Paprika Rød, Små fra handlekurven"
                                        
                                        
                                        data-tr-location="Popular Products"
                                        >
                                        <svg xmlns="http://www.w3.org/2000/svg" xmlns:xlink="http://www.w3.org/1999/xlink" version="1.1" class="icon icon-minus" y="0" viewBox="0 0 45 45" enable-background="new 0 0 45 45" xml:space="preserve" aria-label="Minus-symbol">
    <rect class="fill" x="0" y="19.6" width="45" height="5.8"/>
</svg>

                                    </button>
                                    <button type="button"
                                        class=" cart-quantity-change position-3"
                                        data-action="add-to-cart"
                                        data-product="27016"
                                        data-quantity="1"
                                        data-to-list="cart"
                                        aria-label="Legg til 1 Paprika Rød, Små i handlekurven"
                                        title="Legg til 1 Paprika Rød, Små i handlekurven"
                                        
                                        
                                        data-tr-location="Popular Products"
                                        >
                                        <svg xmlns="http://www.w3.org/2000/svg" xmlns:xlink="http://www.w3.org/1999/xlink" version="1.1" class="icon icon-plus" x="0" y="0" viewBox="0 0 45 45" enable-background="new 0 0 45 45" xml:space="preserve" aria-label="Pluss-symbol">
    <polygon class="fill" points="45 19.6 25.4 19.6 25.4 0 19.6 0 19.6 19.6 0 19.6 0 25.4 19.6 25.4 19.6 45 25.4 45 25.4 25.4 45 25.4 "/>
</svg>

                                    </button>
                                    <div class="cart-quantity position-2" title="Antall i handlekurven">
                                        
                                    </div>
                                </div>
                            </div>
                        
                    

                </div>

        </div>
    </div>


                    
                        


    <div class="col-xs-6 col-sm-3 col-md-2">
        <div class="product-list-item ">

                


                
                


                
                    <a data-app-open-native href="/produkter/8252-bremykt-bremykt/" class="modal-link">
                

                    <div>
                        <div class="image-container">
                            
                                <img src="https://bilder.kolonial.no/produkter/fd9603d6-c2b5-4e96-848a-36b7a6cd239e.jpeg?fill=solid&amp;fill-color=ffffff&amp;fit=fill&amp;h=140&amp;w=140&amp;s=c096cd048962598c5f365b0ac8043ad1" alt="Bremykt" width="140" height="140" title="Bilde: © Bremykt / Kolonial.no" srcset="https://bilder.kolonial.no/produkter/fd9603d6-c2b5-4e96-848a-36b7a6cd239e.jpeg?fill=solid&amp;fill-color=ffffff&amp;fit=fill&amp;h=140&amp;w=140&amp;s=c096cd048962598c5f365b0ac8043ad1 1x, https://bilder.kolonial.no/produkter/fd9603d6-c2b5-4e96-848a-36b7a6cd239e.jpeg?fill=solid&amp;fill-color=ffffff&amp;fit=fill&amp;h=280&amp;w=280&amp;s=71ea09a07827deae4945323da890d8de 2x" />
                            

                            
                            

                            <div class="product-classifiers">
                                

                                

                                

                                

                                

                                

                                

                                

                                

                                
                                    
                                

                            </div>

                        </div>
                    </div>

                    <p class="price label label-price">
                        kr 34,60
                    </p>

                    
                        <p class="unit-price">
                            kr 69,20 per kg
                        </p>
                    

                    <h3 class="name">
                        <div class="name-main wrap-two-lines">Bremykt</div>
                        <div class="name-extra wrap-one-line">
                            

                            500 g
                        </div>
                    </h3>

                    

                        

                    

                
                    </a>
                

                <div class="buttons">

                    
                        
                            <div class="add-to-cart-group" data-product="8252" >
                                <div class="not-in-cart">
                                    <button type="button"
                                        class=" add-to-cart btn btn-sm btn-primary"
                                        data-action="add-to-cart"
                                        data-product="8252"
                                        data-quantity="1"
                                        data-to-list="cart"
                                        aria-label="Kjøp Bremykt 500 g"
                                        
                                        
                                        data-tr-location="Popular Products"
                                        >
                                        Kjøp
                                    </button>
                                </div>
                                <div class="in-cart">
                                    <button type="button"
                                        class=" cart-quantity-change position-1"
                                        data-action="add-to-cart"
                                        data-product="8252"
                                        data-quantity="-1"
                                        data-to-list="cart"
                                        aria-label="Fjern 1 Bremykt fra handlekurven"
                                        title="Fjern 1 Bremykt fra handlekurven"
                                        
                                        
                                        data-tr-location="Popular Products"
                                        >
                                        <svg xmlns="http://www.w3.org/2000/svg" xmlns:xlink="http://www.w3.org/1999/xlink" version="1.1" class="icon icon-minus" y="0" viewBox="0 0 45 45" enable-background="new 0 0 45 45" xml:space="preserve" aria-label="Minus-symbol">
    <rect class="fill" x="0" y="19.6" width="45" height="5.8"/>
</svg>

                                    </button>
                                    <button type="button"
                                        class=" cart-quantity-change position-3"
                                        data-action="add-to-cart"
                                        data-product="8252"
                                        data-quantity="1"
                                        data-to-list="cart"
                                        aria-label="Legg til 1 Bremykt i handlekurven"
                                        title="Legg til 1 Bremykt i handlekurven"
                                        
                                        
                                        data-tr-location="Popular Products"
                                        >
                                        <svg xmlns="http://www.w3.org/2000/svg" xmlns:xlink="http://www.w3.org/1999/xlink" version="1.1" class="icon icon-plus" x="0" y="0" viewBox="0 0 45 45" enable-background="new 0 0 45 45" xml:space="preserve" aria-label="Pluss-symbol">
    <polygon class="fill" points="45 19.6 25.4 19.6 25.4 0 19.6 0 19.6 19.6 0 19.6 0 25.4 19.6 25.4 19.6 45 25.4 45 25.4 25.4 45 25.4 "/>
</svg>

                                    </button>
                                    <div class="cart-quantity position-2" title="Antall i handlekurven">
                                        
                                    </div>
                                </div>
                            </div>
                        
                    

                </div>

        </div>
    </div>


                    
                        


    <div class="col-xs-6 col-sm-3 col-md-2">
        <div class="product-list-item ">

                


                
                


                
                    <a data-app-open-native href="/produkter/954-gilde-stjernebacon/" class="modal-link">
                

                    <div>
                        <div class="image-container">
                            
                                <img src="https://bilder.kolonial.no/produkter/8d3d7c9c-5e58-4336-9b8a-4f744961aa53.jpg?fill=solid&amp;fill-color=ffffff&amp;fit=fill&amp;h=140&amp;w=140&amp;s=2cae4def66000f28f32d05ad62ba5e66" alt="Stjernebacon" width="140" height="140" title="Bilde: © Gilde / Kolonial.no" srcset="https://bilder.kolonial.no/produkter/8d3d7c9c-5e58-4336-9b8a-4f744961aa53.jpg?fill=solid&amp;fill-color=ffffff&amp;fit=fill&amp;h=140&amp;w=140&amp;s=2cae4def66000f28f32d05ad62ba5e66 1x, https://bilder.kolonial.no/produkter/8d3d7c9c-5e58-4336-9b8a-4f744961aa53.jpg?fill=solid&amp;fill-color=ffffff&amp;fit=fill&amp;h=280&amp;w=280&amp;s=f6424fc68223c3ae7e847007136a5aa3 2x" />
                            

                            
                            

                            <div class="product-classifiers">
                                

                                

                                

                                
                                    <div class="enjoy_norway" title="Produktet er merket Nyt Norge">
                                        <p class="sr-only">
                                            Nyt Norge
                                        </p>
                                    </div>
                                

                                

                                

                                

                                

                                

                                
                                    
                                

                            </div>

                        </div>
                    </div>

                    <p class="price label label-price">
                        kr 28,50
                    </p>

                    
                        <p class="unit-price">
                            kr 203,57 per kg
                        </p>
                    

                    <h3 class="name">
                        <div class="name-main wrap-two-lines">Stjernebacon</div>
                        <div class="name-extra wrap-one-line">
                            

                            140 g
                        </div>
                    </h3>

                    

                        

                    

                
                    </a>
                

                <div class="buttons">

                    
                        
                            <div class="add-to-cart-group" data-product="954" >
                                <div class="not-in-cart">
                                    <button type="button"
                                        class=" add-to-cart btn btn-sm btn-primary"
                                        data-action="add-to-cart"
                                        data-product="954"
                                        data-quantity="1"
                                        data-to-list="cart"
                                        aria-label="Kjøp Stjernebacon 140 g"
                                        
                                        
                                        data-tr-location="Popular Products"
                                        >
                                        Kjøp
                                    </button>
                                </div>
                                <div class="in-cart">
                                    <button type="button"
                                        class=" cart-quantity-change position-1"
                                        data-action="add-to-cart"
                                        data-product="954"
                                        data-quantity="-1"
                                        data-to-list="cart"
                                        aria-label="Fjern 1 Stjernebacon fra handlekurven"
                                        title="Fjern 1 Stjernebacon fra handlekurven"
                                        
                                        
                                        data-tr-location="Popular Products"
                                        >
                                        <svg xmlns="http://www.w3.org/2000/svg" xmlns:xlink="http://www.w3.org/1999/xlink" version="1.1" class="icon icon-minus" y="0" viewBox="0 0 45 45" enable-background="new 0 0 45 45" xml:space="preserve" aria-label="Minus-symbol">
    <rect class="fill" x="0" y="19.6" width="45" height="5.8"/>
</svg>

                                    </button>
                                    <button type="button"
                                        class=" cart-quantity-change position-3"
                                        data-action="add-to-cart"
                                        data-product="954"
                                        data-quantity="1"
                                        data-to-list="cart"
                                        aria-label="Legg til 1 Stjernebacon i handlekurven"
                                        title="Legg til 1 Stjernebacon i handlekurven"
                                        
                                        
                                        data-tr-location="Popular Products"
                                        >
                                        <svg xmlns="http://www.w3.org/2000/svg" xmlns:xlink="http://www.w3.org/1999/xlink" version="1.1" class="icon icon-plus" x="0" y="0" viewBox="0 0 45 45" enable-background="new 0 0 45 45" xml:space="preserve" aria-label="Pluss-symbol">
    <polygon class="fill" points="45 19.6 25.4 19.6 25.4 0 19.6 0 19.6 19.6 0 19.6 0 25.4 19.6 25.4 19.6 45 25.4 45 25.4 25.4 45 25.4 "/>
</svg>

                                    </button>
                                    <div class="cart-quantity position-2" title="Antall i handlekurven">
                                        
                                    </div>
                                </div>
                            </div>
                        
                    

                </div>

        </div>
    </div>


                    
                        


    <div class="col-xs-6 col-sm-3 col-md-2">
        <div class="product-list-item ">

                


                
                


                
                    <a data-app-open-native href="/produkter/130-tine-ekte-meierismor/" class="modal-link">
                

                    <div>
                        <div class="image-container">
                            
                                <img src="https://bilder.kolonial.no/produkter/965235dd-0f57-4a47-88ed-f6b5523892ab.jpeg?fill=solid&amp;fill-color=ffffff&amp;fit=fill&amp;h=140&amp;w=140&amp;s=46400b23e15a2b11b22c1734d0f9fc78" alt="Ekte Meierismør" width="140" height="140" title="Bilde: © Tine / Kolonial.no" srcset="https://bilder.kolonial.no/produkter/965235dd-0f57-4a47-88ed-f6b5523892ab.jpeg?fill=solid&amp;fill-color=ffffff&amp;fit=fill&amp;h=140&amp;w=140&amp;s=46400b23e15a2b11b22c1734d0f9fc78 1x, https://bilder.kolonial.no/produkter/965235dd-0f57-4a47-88ed-f6b5523892ab.jpeg?fill=solid&amp;fill-color=ffffff&amp;fit=fill&amp;h=280&amp;w=280&amp;s=d98624537cc4d4a1a45a3243db408a6a 2x" />
                            

                            
                            

                            <div class="product-classifiers">
                                

                                

                                

                                
                                    <div class="enjoy_norway" title="Produktet er merket Nyt Norge">
                                        <p class="sr-only">
                                            Nyt Norge
                                        </p>
                                    </div>
                                

                                

                                

                                

                                

                                

                                
                                    
                                

                            </div>

                        </div>
                    </div>

                    <p class="price label label-price">
                        kr 42,40
                    </p>

                    
                        <p class="unit-price">
                            kr 84,80 per kg
                        </p>
                    

                    <h3 class="name">
                        <div class="name-main wrap-two-lines">Ekte Meierismør</div>
                        <div class="name-extra wrap-one-line">
                            

                            500 g
                        </div>
                    </h3>

                    

                        

                    

                
                    </a>
                

                <div class="buttons">

                    
                        
                            <div class="add-to-cart-group" data-product="130" >
                                <div class="not-in-cart">
                                    <button type="button"
                                        class=" add-to-cart btn btn-sm btn-primary"
                                        data-action="add-to-cart"
                                        data-product="130"
                                        data-quantity="1"
                                        data-to-list="cart"
                                        aria-label="Kjøp Ekte Meierismør 500 g"
                                        
                                        
                                        data-tr-location="Popular Products"
                                        >
                                        Kjøp
                                    </button>
                                </div>
                                <div class="in-cart">
                                    <button type="button"
                                        class=" cart-quantity-change position-1"
                                        data-action="add-to-cart"
                                        data-product="130"
                                        data-quantity="-1"
                                        data-to-list="cart"
                                        aria-label="Fjern 1 Ekte Meierismør fra handlekurven"
                                        title="Fjern 1 Ekte Meierismør fra handlekurven"
                                        
                                        
                                        data-tr-location="Popular Products"
                                        >
                                        <svg xmlns="http://www.w3.org/2000/svg" xmlns:xlink="http://www.w3.org/1999/xlink" version="1.1" class="icon icon-minus" y="0" viewBox="0 0 45 45" enable-background="new 0 0 45 45" xml:space="preserve" aria-label="Minus-symbol">
    <rect class="fill" x="0" y="19.6" width="45" height="5.8"/>
</svg>

                                    </button>
                                    <button type="button"
                                        class=" cart-quantity-change position-3"
                                        data-action="add-to-cart"
                                        data-product="130"
                                        data-quantity="1"
                                        data-to-list="cart"
                                        aria-label="Legg til 1 Ekte Meierismør i handlekurven"
                                        title="Legg til 1 Ekte Meierismør i handlekurven"
                                        
                                        
                                        data-tr-location="Popular Products"
                                        >
                                        <svg xmlns="http://www.w3.org/2000/svg" xmlns:xlink="http://www.w3.org/1999/xlink" version="1.1" class="icon icon-plus" x="0" y="0" viewBox="0 0 45 45" enable-background="new 0 0 45 45" xml:space="preserve" aria-label="Pluss-symbol">
    <polygon class="fill" points="45 19.6 25.4 19.6 25.4 0 19.6 0 19.6 19.6 0 19.6 0 25.4 19.6 25.4 19.6 45 25.4 45 25.4 25.4 45 25.4 "/>
</svg>

                                    </button>
                                    <div class="cart-quantity position-2" title="Antall i handlekurven">
                                        
                                    </div>
                                </div>
                            </div>
                        
                    

                </div>

        </div>
    </div>


                    
                        


    <div class="col-xs-6 col-sm-3 col-md-2">
        <div class="product-list-item ">

                


                
                


                
                    <a data-app-open-native href="/produkter/9398-varlok-i-bunt-norge/" class="modal-link">
                

                    <div>
                        <div class="image-container">
                            
                                <img src="https://bilder.kolonial.no/produkter/5bbc07eb-bf81-45d4-84c4-13cde5333187.jpg?fill=solid&amp;fill-color=ffffff&amp;fit=fill&amp;h=140&amp;w=140&amp;s=c1d588bad0a267d53aa5fb1c1cc82af1" alt="Vårløk i Bunt" width="140" height="140" srcset="https://bilder.kolonial.no/produkter/5bbc07eb-bf81-45d4-84c4-13cde5333187.jpg?fill=solid&amp;fill-color=ffffff&amp;fit=fill&amp;h=140&amp;w=140&amp;s=c1d588bad0a267d53aa5fb1c1cc82af1 1x, https://bilder.kolonial.no/produkter/5bbc07eb-bf81-45d4-84c4-13cde5333187.jpg?fill=solid&amp;fill-color=ffffff&amp;fit=fill&amp;h=280&amp;w=280&amp;s=15ec1cd899bf792be717feb46d6aba0e 2x" />
                            

                            
                            

                            <div class="product-classifiers">
                                

                                

                                

                                

                                

                                

                                

                                

                                

                                
                                    
                                

                            </div>

                        </div>
                    </div>

                    <p class="price label label-price">
                        kr 23,90
                    </p>

                    
                        <p class="unit-price">
                            kr 159,33 per kg
                        </p>
                    

                    <h3 class="name">
                        <div class="name-main wrap-two-lines">Vårløk i Bunt</div>
                        <div class="name-extra wrap-one-line">
                            

                            Norge, 150 g
                        </div>
                    </h3>

                    

                        

                    

                
                    </a>
                

                <div class="buttons">

                    
                        
                            <div class="add-to-cart-group" data-product="9398" >
                                <div class="not-in-cart">
                                    <button type="button"
                                        class=" add-to-cart btn btn-sm btn-primary"
                                        data-action="add-to-cart"
                                        data-product="9398"
                                        data-quantity="1"
                                        data-to-list="cart"
                                        aria-label="Kjøp Vårløk i Bunt Norge, 150 g"
                                        
                                        
                                        data-tr-location="Popular Products"
                                        >
                                        Kjøp
                                    </button>
                                </div>
                                <div class="in-cart">
                                    <button type="button"
                                        class=" cart-quantity-change position-1"
                                        data-action="add-to-cart"
                                        data-product="9398"
                                        data-quantity="-1"
                                        data-to-list="cart"
                                        aria-label="Fjern 1 Vårløk i Bunt fra handlekurven"
                                        title="Fjern 1 Vårløk i Bunt fra handlekurven"
                                        
                                        
                                        data-tr-location="Popular Products"
                                        >
                                        <svg xmlns="http://www.w3.org/2000/svg" xmlns:xlink="http://www.w3.org/1999/xlink" version="1.1" class="icon icon-minus" y="0" viewBox="0 0 45 45" enable-background="new 0 0 45 45" xml:space="preserve" aria-label="Minus-symbol">
    <rect class="fill" x="0" y="19.6" width="45" height="5.8"/>
</svg>

                                    </button>
                                    <button type="button"
                                        class=" cart-quantity-change position-3"
                                        data-action="add-to-cart"
                                        data-product="9398"
                                        data-quantity="1"
                                        data-to-list="cart"
                                        aria-label="Legg til 1 Vårløk i Bunt i handlekurven"
                                        title="Legg til 1 Vårløk i Bunt i handlekurven"
                                        
                                        
                                        data-tr-location="Popular Products"
                                        >
                                        <svg xmlns="http://www.w3.org/2000/svg" xmlns:xlink="http://www.w3.org/1999/xlink" version="1.1" class="icon icon-plus" x="0" y="0" viewBox="0 0 45 45" enable-background="new 0 0 45 45" xml:space="preserve" aria-label="Pluss-symbol">
    <polygon class="fill" points="45 19.6 25.4 19.6 25.4 0 19.6 0 19.6 19.6 0 19.6 0 25.4 19.6 25.4 19.6 45 25.4 45 25.4 25.4 45 25.4 "/>
</svg>

                                    </button>
                                    <div class="cart-quantity position-2" title="Antall i handlekurven">
                                        
                                    </div>
                                </div>
                            </div>
                        
                    

                </div>

        </div>
    </div>


                    
                        


    <div class="col-xs-6 col-sm-3 col-md-2">
        <div class="product-list-item ">

                


                
                


                
                    <a data-app-open-native href="/produkter/31787-norske-nypoteter-uvasket-solist/" class="modal-link">
                

                    <div>
                        <div class="image-container">
                            
                                <img src="https://bilder.kolonial.no/produkter/21be3f77-92cf-4637-9094-35d00106e930.jpg?fill=solid&amp;fill-color=ffffff&amp;fit=fill&amp;h=140&amp;w=140&amp;s=3fa746e6cd2dff55942fb65d795a51f0" alt="Norske Nypoteter" width="140" height="140" srcset="https://bilder.kolonial.no/produkter/21be3f77-92cf-4637-9094-35d00106e930.jpg?fill=solid&amp;fill-color=ffffff&amp;fit=fill&amp;h=140&amp;w=140&amp;s=3fa746e6cd2dff55942fb65d795a51f0 1x, https://bilder.kolonial.no/produkter/21be3f77-92cf-4637-9094-35d00106e930.jpg?fill=solid&amp;fill-color=ffffff&amp;fit=fill&amp;h=280&amp;w=280&amp;s=162ba59ccd9d6cea0031135520ba8d52 2x" />
                            

                            
                            

                            <div class="product-classifiers">
                                

                                

                                

                                

                                

                                

                                

                                

                                

                                
                                    
                                

                            </div>

                        </div>
                    </div>

                    <p class="price label label-price">
                        kr 32,90
                    </p>

                    
                        <p class="unit-price">
                            kr 32,90 per kg
                        </p>
                    

                    <h3 class="name">
                        <div class="name-main wrap-two-lines">Norske Nypoteter</div>
                        <div class="name-extra wrap-one-line">
                            

                            Uvasket, Solist, 1 kg
                        </div>
                    </h3>

                    

                        

                    

                
                    </a>
                

                <div class="buttons">

                    
                        
                            <div class="add-to-cart-group" data-product="31787" >
                                <div class="not-in-cart">
                                    <button type="button"
                                        class=" add-to-cart btn btn-sm btn-primary"
                                        data-action="add-to-cart"
                                        data-product="31787"
                                        data-quantity="1"
                                        data-to-list="cart"
                                        aria-label="Kjøp Norske Nypoteter Uvasket, Solist, 1 kg"
                                        
                                        
                                        data-tr-location="Popular Products"
                                        >
                                        Kjøp
                                    </button>
                                </div>
                                <div class="in-cart">
                                    <button type="button"
                                        class=" cart-quantity-change position-1"
                                        data-action="add-to-cart"
                                        data-product="31787"
                                        data-quantity="-1"
                                        data-to-list="cart"
                                        aria-label="Fjern 1 Norske Nypoteter fra handlekurven"
                                        title="Fjern 1 Norske Nypoteter fra handlekurven"
                                        
                                        
                                        data-tr-location="Popular Products"
                                        >
                                        <svg xmlns="http://www.w3.org/2000/svg" xmlns:xlink="http://www.w3.org/1999/xlink" version="1.1" class="icon icon-minus" y="0" viewBox="0 0 45 45" enable-background="new 0 0 45 45" xml:space="preserve" aria-label="Minus-symbol">
    <rect class="fill" x="0" y="19.6" width="45" height="5.8"/>
</svg>

                                    </button>
                                    <button type="button"
                                        class=" cart-quantity-change position-3"
                                        data-action="add-to-cart"
                                        data-product="31787"
                                        data-quantity="1"
                                        data-to-list="cart"
                                        aria-label="Legg til 1 Norske Nypoteter i handlekurven"
                                        title="Legg til 1 Norske Nypoteter i handlekurven"
                                        
                                        
                                        data-tr-location="Popular Products"
                                        >
                                        <svg xmlns="http://www.w3.org/2000/svg" xmlns:xlink="http://www.w3.org/1999/xlink" version="1.1" class="icon icon-plus" x="0" y="0" viewBox="0 0 45 45" enable-background="new 0 0 45 45" xml:space="preserve" aria-label="Pluss-symbol">
    <polygon class="fill" points="45 19.6 25.4 19.6 25.4 0 19.6 0 19.6 19.6 0 19.6 0 25.4 19.6 25.4 19.6 45 25.4 45 25.4 25.4 45 25.4 "/>
</svg>

                                    </button>
                                    <div class="cart-quantity position-2" title="Antall i handlekurven">
                                        
                                    </div>
                                </div>
                            </div>
                        
                    

                </div>

        </div>
    </div>


                    
                        


    <div class="col-xs-6 col-sm-3 col-md-2">
        <div class="product-list-item ">

                


                
                


                
                    <a data-app-open-native href="/produkter/9284-blomkal-norge/" class="modal-link">
                

                    <div>
                        <div class="image-container">
                            
                                <img src="https://bilder.kolonial.no/produkter/57d5ac3c-6baf-4c6a-adc1-5fd9e7345260.jpg?fill=solid&amp;fill-color=ffffff&amp;fit=fill&amp;h=140&amp;w=140&amp;s=b110441c2c718783356059b28801c026" alt="Blomkål" width="140" height="140" srcset="https://bilder.kolonial.no/produkter/57d5ac3c-6baf-4c6a-adc1-5fd9e7345260.jpg?fill=solid&amp;fill-color=ffffff&amp;fit=fill&amp;h=140&amp;w=140&amp;s=b110441c2c718783356059b28801c026 1x, https://bilder.kolonial.no/produkter/57d5ac3c-6baf-4c6a-adc1-5fd9e7345260.jpg?fill=solid&amp;fill-color=ffffff&amp;fit=fill&amp;h=280&amp;w=280&amp;s=065157a1c616db16bef0491fcae73faf 2x" />
                            

                            
                            

                            <div class="product-classifiers">
                                

                                

                                

                                

                                

                                

                                

                                

                                

                                
                                    
                                

                            </div>

                        </div>
                    </div>

                    <p class="price label label-price">
                        kr 23,90
                    </p>

                    
                        <p class="unit-price">
                            kr 23,90 per stk
                        </p>
                    

                    <h3 class="name">
                        <div class="name-main wrap-two-lines">Blomkål</div>
                        <div class="name-extra wrap-one-line">
                            

                            Norge, 1 stk
                        </div>
                    </h3>

                    

                        

                    

                
                    </a>
                

                <div class="buttons">

                    
                        
                            <div class="add-to-cart-group" data-product="9284" >
                                <div class="not-in-cart">
                                    <button type="button"
                                        class=" add-to-cart btn btn-sm btn-primary"
                                        data-action="add-to-cart"
                                        data-product="9284"
                                        data-quantity="1"
                                        data-to-list="cart"
                                        aria-label="Kjøp Blomkål Norge, 1 stk"
                                        
                                        
                                        data-tr-location="Popular Products"
                                        >
                                        Kjøp
                                    </button>
                                </div>
                                <div class="in-cart">
                                    <button type="button"
                                        class=" cart-quantity-change position-1"
                                        data-action="add-to-cart"
                                        data-product="9284"
                                        data-quantity="-1"
                                        data-to-list="cart"
                                        aria-label="Fjern 1 Blomkål fra handlekurven"
                                        title="Fjern 1 Blomkål fra handlekurven"
                                        
                                        
                                        data-tr-location="Popular Products"
                                        >
                                        <svg xmlns="http://www.w3.org/2000/svg" xmlns:xlink="http://www.w3.org/1999/xlink" version="1.1" class="icon icon-minus" y="0" viewBox="0 0 45 45" enable-background="new 0 0 45 45" xml:space="preserve" aria-label="Minus-symbol">
    <rect class="fill" x="0" y="19.6" width="45" height="5.8"/>
</svg>

                                    </button>
                                    <button type="button"
                                        class=" cart-quantity-change position-3"
                                        data-action="add-to-cart"
                                        data-product="9284"
                                        data-quantity="1"
                                        data-to-list="cart"
                                        aria-label="Legg til 1 Blomkål i handlekurven"
                                        title="Legg til 1 Blomkål i handlekurven"
                                        
                                        
                                        data-tr-location="Popular Products"
                                        >
                                        <svg xmlns="http://www.w3.org/2000/svg" xmlns:xlink="http://www.w3.org/1999/xlink" version="1.1" class="icon icon-plus" x="0" y="0" viewBox="0 0 45 45" enable-background="new 0 0 45 45" xml:space="preserve" aria-label="Pluss-symbol">
    <polygon class="fill" points="45 19.6 25.4 19.6 25.4 0 19.6 0 19.6 19.6 0 19.6 0 25.4 19.6 25.4 19.6 45 25.4 45 25.4 25.4 45 25.4 "/>
</svg>

                                    </button>
                                    <div class="cart-quantity position-2" title="Antall i handlekurven">
                                        
                                    </div>
                                </div>
                            </div>
                        
                    

                </div>

        </div>
    </div>


                    
                        


    <div class="col-xs-6 col-sm-3 col-md-2">
        <div class="product-list-item ">

                


                
                


                
                    <a data-app-open-native href="/produkter/9290-hjertesalat-norge/" class="modal-link">
                

                    <div>
                        <div class="image-container">
                            
                                <img src="https://bilder.kolonial.no/produkter/b5f5628a-29b2-455c-9807-db56b254be4b.jpg?fill=solid&amp;fill-color=ffffff&amp;fit=fill&amp;h=140&amp;w=140&amp;s=5ad2bf7651c9172186afa2fcd8627199" alt="Hjertesalat" width="140" height="140" srcset="https://bilder.kolonial.no/produkter/b5f5628a-29b2-455c-9807-db56b254be4b.jpg?fill=solid&amp;fill-color=ffffff&amp;fit=fill&amp;h=140&amp;w=140&amp;s=5ad2bf7651c9172186afa2fcd8627199 1x, https://bilder.kolonial.no/produkter/b5f5628a-29b2-455c-9807-db56b254be4b.jpg?fill=solid&amp;fill-color=ffffff&amp;fit=fill&amp;h=280&amp;w=280&amp;s=b035e303ad65816517265e78fed559d6 2x" />
                            

                            
                            

                            <div class="product-classifiers">
                                

                                

                                

                                

                                

                                

                                

                                

                                

                                
                                    
                                

                            </div>

                        </div>
                    </div>

                    <p class="price label label-price">
                        kr 25,90
                    </p>

                    
                        <p class="unit-price">
                            kr 12,95 per stk
                        </p>
                    

                    <h3 class="name">
                        <div class="name-main wrap-two-lines">Hjertesalat</div>
                        <div class="name-extra wrap-one-line">
                            

                            Norge, 2 stk
                        </div>
                    </h3>

                    

                        

                    

                
                    </a>
                

                <div class="buttons">

                    
                        
                            <div class="add-to-cart-group" data-product="9290" >
                                <div class="not-in-cart">
                                    <button type="button"
                                        class=" add-to-cart btn btn-sm btn-primary"
                                        data-action="add-to-cart"
                                        data-product="9290"
                                        data-quantity="1"
                                        data-to-list="cart"
                                        aria-label="Kjøp Hjertesalat Norge, 2 stk"
                                        
                                        
                                        data-tr-location="Popular Products"
                                        >
                                        Kjøp
                                    </button>
                                </div>
                                <div class="in-cart">
                                    <button type="button"
                                        class=" cart-quantity-change position-1"
                                        data-action="add-to-cart"
                                        data-product="9290"
                                        data-quantity="-1"
                                        data-to-list="cart"
                                        aria-label="Fjern 1 Hjertesalat fra handlekurven"
                                        title="Fjern 1 Hjertesalat fra handlekurven"
                                        
                                        
                                        data-tr-location="Popular Products"
                                        >
                                        <svg xmlns="http://www.w3.org/2000/svg" xmlns:xlink="http://www.w3.org/1999/xlink" version="1.1" class="icon icon-minus" y="0" viewBox="0 0 45 45" enable-background="new 0 0 45 45" xml:space="preserve" aria-label="Minus-symbol">
    <rect class="fill" x="0" y="19.6" width="45" height="5.8"/>
</svg>

                                    </button>
                                    <button type="button"
                                        class=" cart-quantity-change position-3"
                                        data-action="add-to-cart"
                                        data-product="9290"
                                        data-quantity="1"
                                        data-to-list="cart"
                                        aria-label="Legg til 1 Hjertesalat i handlekurven"
                                        title="Legg til 1 Hjertesalat i handlekurven"
                                        
                                        
                                        data-tr-location="Popular Products"
                                        >
                                        <svg xmlns="http://www.w3.org/2000/svg" xmlns:xlink="http://www.w3.org/1999/xlink" version="1.1" class="icon icon-plus" x="0" y="0" viewBox="0 0 45 45" enable-background="new 0 0 45 45" xml:space="preserve" aria-label="Pluss-symbol">
    <polygon class="fill" points="45 19.6 25.4 19.6 25.4 0 19.6 0 19.6 19.6 0 19.6 0 25.4 19.6 25.4 19.6 45 25.4 45 25.4 25.4 45 25.4 "/>
</svg>

                                    </button>
                                    <div class="cart-quantity position-2" title="Antall i handlekurven">
                                        
                                    </div>
                                </div>
                            </div>
                        
                    

                </div>

        </div>
    </div>


                    
                        


    <div class="col-xs-6 col-sm-3 col-md-2">
        <div class="product-list-item ">

                


                
                


                
                    <a data-app-open-native href="/produkter/8488-rema-1000-maiskorn-3x198g/" class="modal-link">
                

                    <div>
                        <div class="image-container">
                            
                                <img src="https://bilder.kolonial.no/produkter/ca17906b-83ad-4002-a1fc-d527db00c60d.jpeg?fill=solid&amp;fill-color=ffffff&amp;fit=fill&amp;h=140&amp;w=140&amp;s=f6729c87513b12ca7f23841accd0e3b1" alt="Maiskorn" width="140" height="140" title="Bilde: © REMA 1000 / Kolonial.no" srcset="https://bilder.kolonial.no/produkter/ca17906b-83ad-4002-a1fc-d527db00c60d.jpeg?fill=solid&amp;fill-color=ffffff&amp;fit=fill&amp;h=140&amp;w=140&amp;s=f6729c87513b12ca7f23841accd0e3b1 1x, https://bilder.kolonial.no/produkter/ca17906b-83ad-4002-a1fc-d527db00c60d.jpeg?fill=solid&amp;fill-color=ffffff&amp;fit=fill&amp;h=280&amp;w=280&amp;s=e0581e2ba398ced8fe76a960d98374e2 2x" />
                            

                            
                            

                            <div class="product-classifiers">
                                

                                

                                

                                

                                

                                

                                

                                

                                

                                
                                    
                                

                            </div>

                        </div>
                    </div>

                    <p class="price label label-price">
                        kr 18,40
                    </p>

                    
                        <p class="unit-price">
                            kr 30,98 per kg
                        </p>
                    

                    <h3 class="name">
                        <div class="name-main wrap-two-lines">Maiskorn</div>
                        <div class="name-extra wrap-one-line">
                            

                            3x198g, 594 g
                        </div>
                    </h3>

                    

                        

                    

                
                    </a>
                

                <div class="buttons">

                    
                        
                            <div class="add-to-cart-group" data-product="8488" >
                                <div class="not-in-cart">
                                    <button type="button"
                                        class=" add-to-cart btn btn-sm btn-primary"
                                        data-action="add-to-cart"
                                        data-product="8488"
                                        data-quantity="1"
                                        data-to-list="cart"
                                        aria-label="Kjøp Maiskorn 3x198g, 594 g"
                                        
                                        
                                        data-tr-location="Popular Products"
                                        >
                                        Kjøp
                                    </button>
                                </div>
                                <div class="in-cart">
                                    <button type="button"
                                        class=" cart-quantity-change position-1"
                                        data-action="add-to-cart"
                                        data-product="8488"
                                        data-quantity="-1"
                                        data-to-list="cart"
                                        aria-label="Fjern 1 Maiskorn fra handlekurven"
                                        title="Fjern 1 Maiskorn fra handlekurven"
                                        
                                        
                                        data-tr-location="Popular Products"
                                        >
                                        <svg xmlns="http://www.w3.org/2000/svg" xmlns:xlink="http://www.w3.org/1999/xlink" version="1.1" class="icon icon-minus" y="0" viewBox="0 0 45 45" enable-background="new 0 0 45 45" xml:space="preserve" aria-label="Minus-symbol">
    <rect class="fill" x="0" y="19.6" width="45" height="5.8"/>
</svg>

                                    </button>
                                    <button type="button"
                                        class=" cart-quantity-change position-3"
                                        data-action="add-to-cart"
                                        data-product="8488"
                                        data-quantity="1"
                                        data-to-list="cart"
                                        aria-label="Legg til 1 Maiskorn i handlekurven"
                                        title="Legg til 1 Maiskorn i handlekurven"
                                        
                                        
                                        data-tr-location="Popular Products"
                                        >
                                        <svg xmlns="http://www.w3.org/2000/svg" xmlns:xlink="http://www.w3.org/1999/xlink" version="1.1" class="icon icon-plus" x="0" y="0" viewBox="0 0 45 45" enable-background="new 0 0 45 45" xml:space="preserve" aria-label="Pluss-symbol">
    <polygon class="fill" points="45 19.6 25.4 19.6 25.4 0 19.6 0 19.6 19.6 0 19.6 0 25.4 19.6 25.4 19.6 45 25.4 45 25.4 25.4 45 25.4 "/>
</svg>

                                    </button>
                                    <div class="cart-quantity position-2" title="Antall i handlekurven">
                                        
                                    </div>
                                </div>
                            </div>
                        
                    

                </div>

        </div>
    </div>


                    
                        


    <div class="col-xs-6 col-sm-3 col-md-2">
        <div class="product-list-item ">

                


                
                


                
                    <a data-app-open-native href="/produkter/24854-sma-bananer-i-pose-ca-1-kg-costa-rica/" class="modal-link">
                

                    <div>
                        <div class="image-container">
                            
                                <img src="https://bilder.kolonial.no/produkter/6f74c3c2-2911-4117-8745-1ef77386530c.jpg?fill=solid&amp;fill-color=ffffff&amp;fit=fill&amp;h=140&amp;w=140&amp;s=fa03fa678b89429c67b20700741b9c6d" alt="Små Bananer i Pose" width="140" height="140" srcset="https://bilder.kolonial.no/produkter/6f74c3c2-2911-4117-8745-1ef77386530c.jpg?fill=solid&amp;fill-color=ffffff&amp;fit=fill&amp;h=140&amp;w=140&amp;s=fa03fa678b89429c67b20700741b9c6d 1x, https://bilder.kolonial.no/produkter/6f74c3c2-2911-4117-8745-1ef77386530c.jpg?fill=solid&amp;fill-color=ffffff&amp;fit=fill&amp;h=280&amp;w=280&amp;s=4e00737952e64f192098412351df2f0d 2x" />
                            

                            
                            

                            <div class="product-classifiers">
                                

                                

                                

                                

                                

                                

                                

                                

                                

                                
                                    
                                

                            </div>

                        </div>
                    </div>

                    <p class="price label label-price">
                        kr 17,90
                    </p>

                    
                        <p class="unit-price">
                            kr 17,90 per kg
                        </p>
                    

                    <h3 class="name">
                        <div class="name-main wrap-two-lines">Små Bananer i Pose</div>
                        <div class="name-extra wrap-one-line">
                            

                            ca. 1 kg Costa Rica
                        </div>
                    </h3>

                    

                        

                    

                
                    </a>
                

                <div class="buttons">

                    
                        
                            <div class="add-to-cart-group" data-product="24854" >
                                <div class="not-in-cart">
                                    <button type="button"
                                        class=" add-to-cart btn btn-sm btn-primary"
                                        data-action="add-to-cart"
                                        data-product="24854"
                                        data-quantity="1"
                                        data-to-list="cart"
                                        aria-label="Kjøp Små Bananer i Pose ca. 1 kg Costa Rica"
                                        
                                        
                                        data-tr-location="Popular Products"
                                        >
                                        Kjøp
                                    </button>
                                </div>
                                <div class="in-cart">
                                    <button type="button"
                                        class=" cart-quantity-change position-1"
                                        data-action="add-to-cart"
                                        data-product="24854"
                                        data-quantity="-1"
                                        data-to-list="cart"
                                        aria-label="Fjern 1 Små Bananer i Pose fra handlekurven"
                                        title="Fjern 1 Små Bananer i Pose fra handlekurven"
                                        
                                        
                                        data-tr-location="Popular Products"
                                        >
                                        <svg xmlns="http://www.w3.org/2000/svg" xmlns:xlink="http://www.w3.org/1999/xlink" version="1.1" class="icon icon-minus" y="0" viewBox="0 0 45 45" enable-background="new 0 0 45 45" xml:space="preserve" aria-label="Minus-symbol">
    <rect class="fill" x="0" y="19.6" width="45" height="5.8"/>
</svg>

                                    </button>
                                    <button type="button"
                                        class=" cart-quantity-change position-3"
                                        data-action="add-to-cart"
                                        data-product="24854"
                                        data-quantity="1"
                                        data-to-list="cart"
                                        aria-label="Legg til 1 Små Bananer i Pose i handlekurven"
                                        title="Legg til 1 Små Bananer i Pose i handlekurven"
                                        
                                        
                                        data-tr-location="Popular Products"
                                        >
                                        <svg xmlns="http://www.w3.org/2000/svg" xmlns:xlink="http://www.w3.org/1999/xlink" version="1.1" class="icon icon-plus" x="0" y="0" viewBox="0 0 45 45" enable-background="new 0 0 45 45" xml:space="preserve" aria-label="Pluss-symbol">
    <polygon class="fill" points="45 19.6 25.4 19.6 25.4 0 19.6 0 19.6 19.6 0 19.6 0 25.4 19.6 25.4 19.6 45 25.4 45 25.4 25.4 45 25.4 "/>
</svg>

                                    </button>
                                    <div class="cart-quantity position-2" title="Antall i handlekurven">
                                        
                                    </div>
                                </div>
                            </div>
                        
                    

                </div>

        </div>
    </div>


                    
                        


    <div class="col-xs-6 col-sm-3 col-md-2">
        <div class="product-list-item ">

                


                
                


                
                    <a data-app-open-native href="/produkter/27622-store-lime-brasil-mexico/" class="modal-link">
                

                    <div>
                        <div class="image-container">
                            
                                <img src="https://bilder.kolonial.no/produkter/49178cb9-c0db-4a06-9203-3510ca3a61fe.jpg?fill=solid&amp;fill-color=ffffff&amp;fit=fill&amp;h=140&amp;w=140&amp;s=7b388914cdd34b5fb272c7b4d12c5b59" alt="Store Lime" width="140" height="140" srcset="https://bilder.kolonial.no/produkter/49178cb9-c0db-4a06-9203-3510ca3a61fe.jpg?fill=solid&amp;fill-color=ffffff&amp;fit=fill&amp;h=140&amp;w=140&amp;s=7b388914cdd34b5fb272c7b4d12c5b59 1x, https://bilder.kolonial.no/produkter/49178cb9-c0db-4a06-9203-3510ca3a61fe.jpg?fill=solid&amp;fill-color=ffffff&amp;fit=fill&amp;h=280&amp;w=280&amp;s=6772fee550269e35ab29254ee83f06a1 2x" />
                            

                            
                            

                            <div class="product-classifiers">
                                

                                

                                

                                

                                

                                

                                

                                

                                

                                
                                    
                                

                            </div>

                        </div>
                    </div>

                    <p class="price label label-price">
                        kr 26,70
                    </p>

                    
                        <p class="unit-price">
                            kr 95,36 per kg
                        </p>
                    

                    <h3 class="name">
                        <div class="name-main wrap-two-lines">Store Lime</div>
                        <div class="name-extra wrap-one-line">
                            

                            Brasil/Mexico, 3 stk
                        </div>
                    </h3>

                    

                        

                    

                
                    </a>
                

                <div class="buttons">

                    
                        
                            <div class="add-to-cart-group" data-product="27622" >
                                <div class="not-in-cart">
                                    <button type="button"
                                        class=" add-to-cart btn btn-sm btn-primary"
                                        data-action="add-to-cart"
                                        data-product="27622"
                                        data-quantity="1"
                                        data-to-list="cart"
                                        aria-label="Kjøp Store Lime Brasil/Mexico, 3 stk"
                                        
                                        
                                        data-tr-location="Popular Products"
                                        >
                                        Kjøp
                                    </button>
                                </div>
                                <div class="in-cart">
                                    <button type="button"
                                        class=" cart-quantity-change position-1"
                                        data-action="add-to-cart"
                                        data-product="27622"
                                        data-quantity="-1"
                                        data-to-list="cart"
                                        aria-label="Fjern 1 Store Lime fra handlekurven"
                                        title="Fjern 1 Store Lime fra handlekurven"
                                        
                                        
                                        data-tr-location="Popular Products"
                                        >
                                        <svg xmlns="http://www.w3.org/2000/svg" xmlns:xlink="http://www.w3.org/1999/xlink" version="1.1" class="icon icon-minus" y="0" viewBox="0 0 45 45" enable-background="new 0 0 45 45" xml:space="preserve" aria-label="Minus-symbol">
    <rect class="fill" x="0" y="19.6" width="45" height="5.8"/>
</svg>

                                    </button>
                                    <button type="button"
                                        class=" cart-quantity-change position-3"
                                        data-action="add-to-cart"
                                        data-product="27622"
                                        data-quantity="1"
                                        data-to-list="cart"
                                        aria-label="Legg til 1 Store Lime i handlekurven"
                                        title="Legg til 1 Store Lime i handlekurven"
                                        
                                        
                                        data-tr-location="Popular Products"
                                        >
                                        <svg xmlns="http://www.w3.org/2000/svg" xmlns:xlink="http://www.w3.org/1999/xlink" version="1.1" class="icon icon-plus" x="0" y="0" viewBox="0 0 45 45" enable-background="new 0 0 45 45" xml:space="preserve" aria-label="Pluss-symbol">
    <polygon class="fill" points="45 19.6 25.4 19.6 25.4 0 19.6 0 19.6 19.6 0 19.6 0 25.4 19.6 25.4 19.6 45 25.4 45 25.4 25.4 45 25.4 "/>
</svg>

                                    </button>
                                    <div class="cart-quantity position-2" title="Antall i handlekurven">
                                        
                                    </div>
                                </div>
                            </div>
                        
                    

                </div>

        </div>
    </div>


                    
                        


    <div class="col-xs-6 col-sm-3 col-md-2">
        <div class="product-list-item ">

                


                
                


                
                    <a data-app-open-native href="/produkter/9356-isbergsalat-norge/" class="modal-link">
                

                    <div>
                        <div class="image-container">
                            
                                <img src="https://bilder.kolonial.no/produkter/95a060da-d68a-4065-8887-bb8ac326d2d0.jpg?fill=solid&amp;fill-color=ffffff&amp;fit=fill&amp;h=140&amp;w=140&amp;s=feab27a796eb3dda8a1b0ed61b3e5f50" alt="Isbergsalat" width="140" height="140" srcset="https://bilder.kolonial.no/produkter/95a060da-d68a-4065-8887-bb8ac326d2d0.jpg?fill=solid&amp;fill-color=ffffff&amp;fit=fill&amp;h=140&amp;w=140&amp;s=feab27a796eb3dda8a1b0ed61b3e5f50 1x, https://bilder.kolonial.no/produkter/95a060da-d68a-4065-8887-bb8ac326d2d0.jpg?fill=solid&amp;fill-color=ffffff&amp;fit=fill&amp;h=280&amp;w=280&amp;s=0720416f002932dd1d1ef3bfde4a725f 2x" />
                            

                            
                            

                            <div class="product-classifiers">
                                

                                

                                

                                

                                

                                

                                

                                

                                

                                
                                    
                                

                            </div>

                        </div>
                    </div>

                    <p class="price label label-price">
                        kr 16,90
                    </p>

                    
                        <p class="unit-price">
                            kr 16,90 per stk
                        </p>
                    

                    <h3 class="name">
                        <div class="name-main wrap-two-lines">Isbergsalat</div>
                        <div class="name-extra wrap-one-line">
                            

                            Norge, 1 stk
                        </div>
                    </h3>

                    

                        

                    

                
                    </a>
                

                <div class="buttons">

                    
                        
                            <div class="add-to-cart-group" data-product="9356" >
                                <div class="not-in-cart">
                                    <button type="button"
                                        class=" add-to-cart btn btn-sm btn-primary"
                                        data-action="add-to-cart"
                                        data-product="9356"
                                        data-quantity="1"
                                        data-to-list="cart"
                                        aria-label="Kjøp Isbergsalat Norge, 1 stk"
                                        
                                        
                                        data-tr-location="Popular Products"
                                        >
                                        Kjøp
                                    </button>
                                </div>
                                <div class="in-cart">
                                    <button type="button"
                                        class=" cart-quantity-change position-1"
                                        data-action="add-to-cart"
                                        data-product="9356"
                                        data-quantity="-1"
                                        data-to-list="cart"
                                        aria-label="Fjern 1 Isbergsalat fra handlekurven"
                                        title="Fjern 1 Isbergsalat fra handlekurven"
                                        
                                        
                                        data-tr-location="Popular Products"
                                        >
                                        <svg xmlns="http://www.w3.org/2000/svg" xmlns:xlink="http://www.w3.org/1999/xlink" version="1.1" class="icon icon-minus" y="0" viewBox="0 0 45 45" enable-background="new 0 0 45 45" xml:space="preserve" aria-label="Minus-symbol">
    <rect class="fill" x="0" y="19.6" width="45" height="5.8"/>
</svg>

                                    </button>
                                    <button type="button"
                                        class=" cart-quantity-change position-3"
                                        data-action="add-to-cart"
                                        data-product="9356"
                                        data-quantity="1"
                                        data-to-list="cart"
                                        aria-label="Legg til 1 Isbergsalat i handlekurven"
                                        title="Legg til 1 Isbergsalat i handlekurven"
                                        
                                        
                                        data-tr-location="Popular Products"
                                        >
                                        <svg xmlns="http://www.w3.org/2000/svg" xmlns:xlink="http://www.w3.org/1999/xlink" version="1.1" class="icon icon-plus" x="0" y="0" viewBox="0 0 45 45" enable-background="new 0 0 45 45" xml:space="preserve" aria-label="Pluss-symbol">
    <polygon class="fill" points="45 19.6 25.4 19.6 25.4 0 19.6 0 19.6 19.6 0 19.6 0 25.4 19.6 25.4 19.6 45 25.4 45 25.4 25.4 45 25.4 "/>
</svg>

                                    </button>
                                    <div class="cart-quantity position-2" title="Antall i handlekurven">
                                        
                                    </div>
                                </div>
                            </div>
                        
                    

                </div>

        </div>
    </div>


                    
                        


    <div class="col-xs-6 col-sm-3 col-md-2">
        <div class="product-list-item ">

                


                
                


                
                    <a data-app-open-native href="/produkter/23319-lambi-toalettpapir-hvit-lambi/" class="modal-link">
                

                    <div>
                        <div class="image-container">
                            
                                <img src="https://bilder.kolonial.no/produkter/bf3e1471-9d03-41a1-86c2-a258fdd6269b.jpeg?fill=solid&amp;fill-color=ffffff&amp;fit=fill&amp;h=140&amp;w=140&amp;s=98cdebe6e8f1ef3d04e31ece7e248714" alt="Toalettpapir Hvit Lambi" width="140" height="140" title="Bilde: © Lambi / Kolonial.no" srcset="https://bilder.kolonial.no/produkter/bf3e1471-9d03-41a1-86c2-a258fdd6269b.jpeg?fill=solid&amp;fill-color=ffffff&amp;fit=fill&amp;h=140&amp;w=140&amp;s=98cdebe6e8f1ef3d04e31ece7e248714 1x, https://bilder.kolonial.no/produkter/bf3e1471-9d03-41a1-86c2-a258fdd6269b.jpeg?fill=solid&amp;fill-color=ffffff&amp;fit=fill&amp;h=280&amp;w=280&amp;s=d38f39f36b675694c803bd27aa31bfe0 2x" />
                            

                            
                            

                            <div class="product-classifiers">
                                

                                

                                

                                

                                

                                
                                    <div class="svanen" title="Produktet er Svanemerket">
                                        <p class="sr-only">
                                            Svanemerket
                                        </p>
                                    </div>
                                

                                

                                

                                

                                
                                    
                                

                            </div>

                        </div>
                    </div>

                    <p class="price label label-price">
                        kr 68,50
                    </p>

                    
                        <p class="unit-price">
                            kr 0,27 per m
                        </p>
                    

                    <h3 class="name">
                        <div class="name-main wrap-two-lines">Toalettpapir Hvit Lambi</div>
                        <div class="name-extra wrap-one-line">
                            

                            12 stk
                        </div>
                    </h3>

                    

                        

                    

                
                    </a>
                

                <div class="buttons">

                    
                        
                            <div class="add-to-cart-group" data-product="23319" >
                                <div class="not-in-cart">
                                    <button type="button"
                                        class=" add-to-cart btn btn-sm btn-primary"
                                        data-action="add-to-cart"
                                        data-product="23319"
                                        data-quantity="1"
                                        data-to-list="cart"
                                        aria-label="Kjøp Toalettpapir Hvit Lambi 12 stk"
                                        
                                        
                                        data-tr-location="Popular Products"
                                        >
                                        Kjøp
                                    </button>
                                </div>
                                <div class="in-cart">
                                    <button type="button"
                                        class=" cart-quantity-change position-1"
                                        data-action="add-to-cart"
                                        data-product="23319"
                                        data-quantity="-1"
                                        data-to-list="cart"
                                        aria-label="Fjern 1 Toalettpapir Hvit Lambi fra handlekurven"
                                        title="Fjern 1 Toalettpapir Hvit Lambi fra handlekurven"
                                        
                                        
                                        data-tr-location="Popular Products"
                                        >
                                        <svg xmlns="http://www.w3.org/2000/svg" xmlns:xlink="http://www.w3.org/1999/xlink" version="1.1" class="icon icon-minus" y="0" viewBox="0 0 45 45" enable-background="new 0 0 45 45" xml:space="preserve" aria-label="Minus-symbol">
    <rect class="fill" x="0" y="19.6" width="45" height="5.8"/>
</svg>

                                    </button>
                                    <button type="button"
                                        class=" cart-quantity-change position-3"
                                        data-action="add-to-cart"
                                        data-product="23319"
                                        data-quantity="1"
                                        data-to-list="cart"
                                        aria-label="Legg til 1 Toalettpapir Hvit Lambi i handlekurven"
                                        title="Legg til 1 Toalettpapir Hvit Lambi i handlekurven"
                                        
                                        
                                        data-tr-location="Popular Products"
                                        >
                                        <svg xmlns="http://www.w3.org/2000/svg" xmlns:xlink="http://www.w3.org/1999/xlink" version="1.1" class="icon icon-plus" x="0" y="0" viewBox="0 0 45 45" enable-background="new 0 0 45 45" xml:space="preserve" aria-label="Pluss-symbol">
    <polygon class="fill" points="45 19.6 25.4 19.6 25.4 0 19.6 0 19.6 19.6 0 19.6 0 25.4 19.6 25.4 19.6 45 25.4 45 25.4 25.4 45 25.4 "/>
</svg>

                                    </button>
                                    <div class="cart-quantity position-2" title="Antall i handlekurven">
                                        
                                    </div>
                                </div>
                            </div>
                        
                    

                </div>

        </div>
    </div>


                    
                        


    <div class="col-xs-6 col-sm-3 col-md-2">
        <div class="product-list-item ">

                


                
                


                
                    <a data-app-open-native href="/produkter/26694-miljogartneriet-tomater-piccolo-norge/" class="modal-link">
                

                    <div>
                        <div class="image-container">
                            
                                <img src="https://bilder.kolonial.no/produkter/ee8109f4-394a-4264-b540-5973906cdbc6.jpg?fill=solid&amp;fill-color=ffffff&amp;fit=fill&amp;h=140&amp;w=140&amp;s=14f76b854fb61e266dd01e7b84ce31f2" alt="Tomater, Piccolo" width="140" height="140" title="Bilde: © Miljøgartneriet / Kolonial.no" srcset="https://bilder.kolonial.no/produkter/ee8109f4-394a-4264-b540-5973906cdbc6.jpg?fill=solid&amp;fill-color=ffffff&amp;fit=fill&amp;h=140&amp;w=140&amp;s=14f76b854fb61e266dd01e7b84ce31f2 1x, https://bilder.kolonial.no/produkter/ee8109f4-394a-4264-b540-5973906cdbc6.jpg?fill=solid&amp;fill-color=ffffff&amp;fit=fill&amp;h=280&amp;w=280&amp;s=5e9a2ca7122f1f42f84f354de51168be 2x" />
                            

                            
                            

                            <div class="product-classifiers">
                                

                                

                                

                                

                                

                                

                                

                                

                                

                                
                                    
                                

                            </div>

                        </div>
                    </div>

                    <p class="price label label-price">
                        kr 47,10
                    </p>

                    
                        <p class="unit-price">
                            kr 235,50 per kg
                        </p>
                    

                    <h3 class="name">
                        <div class="name-main wrap-two-lines">Tomater, Piccolo</div>
                        <div class="name-extra wrap-one-line">
                            

                            Norge, 200 g
                        </div>
                    </h3>

                    

                        

                    

                
                    </a>
                

                <div class="buttons">

                    
                        
                            <div class="add-to-cart-group" data-product="26694" >
                                <div class="not-in-cart">
                                    <button type="button"
                                        class=" add-to-cart btn btn-sm btn-primary"
                                        data-action="add-to-cart"
                                        data-product="26694"
                                        data-quantity="1"
                                        data-to-list="cart"
                                        aria-label="Kjøp Tomater, Piccolo Norge, 200 g"
                                        
                                        
                                        data-tr-location="Popular Products"
                                        >
                                        Kjøp
                                    </button>
                                </div>
                                <div class="in-cart">
                                    <button type="button"
                                        class=" cart-quantity-change position-1"
                                        data-action="add-to-cart"
                                        data-product="26694"
                                        data-quantity="-1"
                                        data-to-list="cart"
                                        aria-label="Fjern 1 Tomater, Piccolo fra handlekurven"
                                        title="Fjern 1 Tomater, Piccolo fra handlekurven"
                                        
                                        
                                        data-tr-location="Popular Products"
                                        >
                                        <svg xmlns="http://www.w3.org/2000/svg" xmlns:xlink="http://www.w3.org/1999/xlink" version="1.1" class="icon icon-minus" y="0" viewBox="0 0 45 45" enable-background="new 0 0 45 45" xml:space="preserve" aria-label="Minus-symbol">
    <rect class="fill" x="0" y="19.6" width="45" height="5.8"/>
</svg>

                                    </button>
                                    <button type="button"
                                        class=" cart-quantity-change position-3"
                                        data-action="add-to-cart"
                                        data-product="26694"
                                        data-quantity="1"
                                        data-to-list="cart"
                                        aria-label="Legg til 1 Tomater, Piccolo i handlekurven"
                                        title="Legg til 1 Tomater, Piccolo i handlekurven"
                                        
                                        
                                        data-tr-location="Popular Products"
                                        >
                                        <svg xmlns="http://www.w3.org/2000/svg" xmlns:xlink="http://www.w3.org/1999/xlink" version="1.1" class="icon icon-plus" x="0" y="0" viewBox="0 0 45 45" enable-background="new 0 0 45 45" xml:space="preserve" aria-label="Pluss-symbol">
    <polygon class="fill" points="45 19.6 25.4 19.6 25.4 0 19.6 0 19.6 19.6 0 19.6 0 25.4 19.6 25.4 19.6 45 25.4 45 25.4 25.4 45 25.4 "/>
</svg>

                                    </button>
                                    <div class="cart-quantity position-2" title="Antall i handlekurven">
                                        
                                    </div>
                                </div>
                            </div>
                        
                    

                </div>

        </div>
    </div>


                    
                        


    <div class="col-xs-6 col-sm-3 col-md-2">
        <div class="product-list-item ">

                


                
                


                
                    <a data-app-open-native href="/produkter/1035-axa-bjorn-havregryn-lettkokte-original/" class="modal-link">
                

                    <div>
                        <div class="image-container">
                            
                                <img src="https://bilder.kolonial.no/produkter/8c16a4f1-13b5-4e43-aeb5-110ede8ca629.jpeg?fill=solid&amp;fill-color=ffffff&amp;fit=fill&amp;h=140&amp;w=140&amp;s=0261980365229d7f95b3992736313a7e" alt="Bjørn Havregryn" width="140" height="140" title="Bilde: © AXA / Kolonial.no" srcset="https://bilder.kolonial.no/produkter/8c16a4f1-13b5-4e43-aeb5-110ede8ca629.jpeg?fill=solid&amp;fill-color=ffffff&amp;fit=fill&amp;h=140&amp;w=140&amp;s=0261980365229d7f95b3992736313a7e 1x, https://bilder.kolonial.no/produkter/8c16a4f1-13b5-4e43-aeb5-110ede8ca629.jpeg?fill=solid&amp;fill-color=ffffff&amp;fit=fill&amp;h=280&amp;w=280&amp;s=f48a5b6fca1ce7e9d5aa628d13250840 2x" />
                            

                            
                            

                            <div class="product-classifiers">
                                

                                

                                
                                    <div class="keyhole" title="Produktet er merket med Nøkkelhullet">
                                        <p class="sr-only">
                                            Nøkkelhullet
                                        </p>
                                    </div>
                                

                                

                                

                                

                                

                                

                                

                                
                                    
                                

                            </div>

                        </div>
                    </div>

                    <p class="price label label-price">
                        kr 18,90
                    </p>

                    
                        <p class="unit-price">
                            kr 17,18 per kg
                        </p>
                    

                    <h3 class="name">
                        <div class="name-main wrap-two-lines">Bjørn Havregryn</div>
                        <div class="name-extra wrap-one-line">
                            

                            Lettkokte, Original, 1,1 kg
                        </div>
                    </h3>

                    

                        

                    

                
                    </a>
                

                <div class="buttons">

                    
                        
                            <div class="add-to-cart-group" data-product="1035" >
                                <div class="not-in-cart">
                                    <button type="button"
                                        class=" add-to-cart btn btn-sm btn-primary"
                                        data-action="add-to-cart"
                                        data-product="1035"
                                        data-quantity="1"
                                        data-to-list="cart"
                                        aria-label="Kjøp Bjørn Havregryn Lettkokte, Original, 1,1 kg"
                                        
                                        
                                        data-tr-location="Popular Products"
                                        >
                                        Kjøp
                                    </button>
                                </div>
                                <div class="in-cart">
                                    <button type="button"
                                        class=" cart-quantity-change position-1"
                                        data-action="add-to-cart"
                                        data-product="1035"
                                        data-quantity="-1"
                                        data-to-list="cart"
                                        aria-label="Fjern 1 Bjørn Havregryn fra handlekurven"
                                        title="Fjern 1 Bjørn Havregryn fra handlekurven"
                                        
                                        
                                        data-tr-location="Popular Products"
                                        >
                                        <svg xmlns="http://www.w3.org/2000/svg" xmlns:xlink="http://www.w3.org/1999/xlink" version="1.1" class="icon icon-minus" y="0" viewBox="0 0 45 45" enable-background="new 0 0 45 45" xml:space="preserve" aria-label="Minus-symbol">
    <rect class="fill" x="0" y="19.6" width="45" height="5.8"/>
</svg>

                                    </button>
                                    <button type="button"
                                        class=" cart-quantity-change position-3"
                                        data-action="add-to-cart"
                                        data-product="1035"
                                        data-quantity="1"
                                        data-to-list="cart"
                                        aria-label="Legg til 1 Bjørn Havregryn i handlekurven"
                                        title="Legg til 1 Bjørn Havregryn i handlekurven"
                                        
                                        
                                        data-tr-location="Popular Products"
                                        >
                                        <svg xmlns="http://www.w3.org/2000/svg" xmlns:xlink="http://www.w3.org/1999/xlink" version="1.1" class="icon icon-plus" x="0" y="0" viewBox="0 0 45 45" enable-background="new 0 0 45 45" xml:space="preserve" aria-label="Pluss-symbol">
    <polygon class="fill" points="45 19.6 25.4 19.6 25.4 0 19.6 0 19.6 19.6 0 19.6 0 25.4 19.6 25.4 19.6 45 25.4 45 25.4 25.4 45 25.4 "/>
</svg>

                                    </button>
                                    <div class="cart-quantity position-2" title="Antall i handlekurven">
                                        
                                    </div>
                                </div>
                            </div>
                        
                    

                </div>

        </div>
    </div>


                    
                        


    <div class="col-xs-6 col-sm-3 col-md-2">
        <div class="product-list-item ">

                


                
                


                
                    <a data-app-open-native href="/produkter/949-gilde-karbonadedeig-5-fett-400g/" class="modal-link">
                

                    <div>
                        <div class="image-container">
                            
                                <img src="https://bilder.kolonial.no/produkter/fb8ac36f-86d1-4965-9e33-de5838d459b8.jpeg?fill=solid&amp;fill-color=ffffff&amp;fit=fill&amp;h=140&amp;w=140&amp;s=722adafc50b9e9c6dfe6e2e936744c18" alt="Karbonadedeig" width="140" height="140" title="Bilde: © Gilde / Kolonial.no" srcset="https://bilder.kolonial.no/produkter/fb8ac36f-86d1-4965-9e33-de5838d459b8.jpeg?fill=solid&amp;fill-color=ffffff&amp;fit=fill&amp;h=140&amp;w=140&amp;s=722adafc50b9e9c6dfe6e2e936744c18 1x, https://bilder.kolonial.no/produkter/fb8ac36f-86d1-4965-9e33-de5838d459b8.jpeg?fill=solid&amp;fill-color=ffffff&amp;fit=fill&amp;h=280&amp;w=280&amp;s=3c7f9cff0c0abc046adf8267786cecb8 2x" />
                            

                            
                            

                            <div class="product-classifiers">
                                

                                

                                
                                    <div class="keyhole" title="Produktet er merket med Nøkkelhullet">
                                        <p class="sr-only">
                                            Nøkkelhullet
                                        </p>
                                    </div>
                                

                                
                                    <div class="enjoy_norway" title="Produktet er merket Nyt Norge">
                                        <p class="sr-only">
                                            Nyt Norge
                                        </p>
                                    </div>
                                

                                

                                

                                

                                

                                

                                
                                    
                                        <div class="expiry" title="Vi garanterer 5 dagers holdbarhet på dette produktet">
                                            <p>
                                                5+
                                            </p>
                                        </div>
                                    
                                

                            </div>

                        </div>
                    </div>

                    <p class="price label label-price">
                        kr 71,00
                    </p>

                    
                        <p class="unit-price">
                            kr 177,50 per kg
                        </p>
                    

                    <h3 class="name">
                        <div class="name-main wrap-two-lines">Karbonadedeig</div>
                        <div class="name-extra wrap-one-line">
                            

                            5% fett, 400 g
                        </div>
                    </h3>

                    

                        

                    

                
                    </a>
                

                <div class="buttons">

                    
                        
                            <div class="add-to-cart-group" data-product="949" >
                                <div class="not-in-cart">
                                    <button type="button"
                                        class=" add-to-cart btn btn-sm btn-primary"
                                        data-action="add-to-cart"
                                        data-product="949"
                                        data-quantity="1"
                                        data-to-list="cart"
                                        aria-label="Kjøp Karbonadedeig 5% fett, 400 g"
                                        
                                        
                                        data-tr-location="Popular Products"
                                        >
                                        Kjøp
                                    </button>
                                </div>
                                <div class="in-cart">
                                    <button type="button"
                                        class=" cart-quantity-change position-1"
                                        data-action="add-to-cart"
                                        data-product="949"
                                        data-quantity="-1"
                                        data-to-list="cart"
                                        aria-label="Fjern 1 Karbonadedeig fra handlekurven"
                                        title="Fjern 1 Karbonadedeig fra handlekurven"
                                        
                                        
                                        data-tr-location="Popular Products"
                                        >
                                        <svg xmlns="http://www.w3.org/2000/svg" xmlns:xlink="http://www.w3.org/1999/xlink" version="1.1" class="icon icon-minus" y="0" viewBox="0 0 45 45" enable-background="new 0 0 45 45" xml:space="preserve" aria-label="Minus-symbol">
    <rect class="fill" x="0" y="19.6" width="45" height="5.8"/>
</svg>

                                    </button>
                                    <button type="button"
                                        class=" cart-quantity-change position-3"
                                        data-action="add-to-cart"
                                        data-product="949"
                                        data-quantity="1"
                                        data-to-list="cart"
                                        aria-label="Legg til 1 Karbonadedeig i handlekurven"
                                        title="Legg til 1 Karbonadedeig i handlekurven"
                                        
                                        
                                        data-tr-location="Popular Products"
                                        >
                                        <svg xmlns="http://www.w3.org/2000/svg" xmlns:xlink="http://www.w3.org/1999/xlink" version="1.1" class="icon icon-plus" x="0" y="0" viewBox="0 0 45 45" enable-background="new 0 0 45 45" xml:space="preserve" aria-label="Pluss-symbol">
    <polygon class="fill" points="45 19.6 25.4 19.6 25.4 0 19.6 0 19.6 19.6 0 19.6 0 25.4 19.6 25.4 19.6 45 25.4 45 25.4 25.4 45 25.4 "/>
</svg>

                                    </button>
                                    <div class="cart-quantity position-2" title="Antall i handlekurven">
                                        
                                    </div>
                                </div>
                            </div>
                        
                    

                </div>

        </div>
    </div>


                    
                        


    <div class="col-xs-6 col-sm-3 col-md-2">
        <div class="product-list-item ">

                


                
                


                
                    <a data-app-open-native href="/produkter/435-tine-jarlsberg-27/" class="modal-link">
                

                    <div>
                        <div class="image-container">
                            
                                <img src="https://bilder.kolonial.no/produkter/79716b1d-6294-488d-bf8b-e827e2065bb4.jpeg?fill=solid&amp;fill-color=ffffff&amp;fit=fill&amp;h=140&amp;w=140&amp;s=612e54c24ba7b8dec40ade30629a2da1" alt="Jarlsberg 27%" width="140" height="140" title="Bilde: © Tine / Kolonial.no" srcset="https://bilder.kolonial.no/produkter/79716b1d-6294-488d-bf8b-e827e2065bb4.jpeg?fill=solid&amp;fill-color=ffffff&amp;fit=fill&amp;h=140&amp;w=140&amp;s=612e54c24ba7b8dec40ade30629a2da1 1x, https://bilder.kolonial.no/produkter/79716b1d-6294-488d-bf8b-e827e2065bb4.jpeg?fill=solid&amp;fill-color=ffffff&amp;fit=fill&amp;h=280&amp;w=280&amp;s=9ca0e7103d0905f4886d9da3af37ab77 2x" />
                            

                            
                            

                            <div class="product-classifiers">
                                

                                

                                

                                

                                

                                

                                

                                

                                

                                
                                    
                                

                            </div>

                        </div>
                    </div>

                    <p class="price label label-price">
                        kr 103,90
                    </p>

                    
                        <p class="unit-price">
                            kr 148,43 per kg
                        </p>
                    

                    <h3 class="name">
                        <div class="name-main wrap-two-lines">Jarlsberg 27%</div>
                        <div class="name-extra wrap-one-line">
                            

                            700 g
                        </div>
                    </h3>

                    

                        

                    

                
                    </a>
                

                <div class="buttons">

                    
                        
                            <div class="add-to-cart-group" data-product="435" >
                                <div class="not-in-cart">
                                    <button type="button"
                                        class=" add-to-cart btn btn-sm btn-primary"
                                        data-action="add-to-cart"
                                        data-product="435"
                                        data-quantity="1"
                                        data-to-list="cart"
                                        aria-label="Kjøp Jarlsberg 27% 700 g"
                                        
                                        
                                        data-tr-location="Popular Products"
                                        >
                                        Kjøp
                                    </button>
                                </div>
                                <div class="in-cart">
                                    <button type="button"
                                        class=" cart-quantity-change position-1"
                                        data-action="add-to-cart"
                                        data-product="435"
                                        data-quantity="-1"
                                        data-to-list="cart"
                                        aria-label="Fjern 1 Jarlsberg 27% fra handlekurven"
                                        title="Fjern 1 Jarlsberg 27% fra handlekurven"
                                        
                                        
                                        data-tr-location="Popular Products"
                                        >
                                        <svg xmlns="http://www.w3.org/2000/svg" xmlns:xlink="http://www.w3.org/1999/xlink" version="1.1" class="icon icon-minus" y="0" viewBox="0 0 45 45" enable-background="new 0 0 45 45" xml:space="preserve" aria-label="Minus-symbol">
    <rect class="fill" x="0" y="19.6" width="45" height="5.8"/>
</svg>

                                    </button>
                                    <button type="button"
                                        class=" cart-quantity-change position-3"
                                        data-action="add-to-cart"
                                        data-product="435"
                                        data-quantity="1"
                                        data-to-list="cart"
                                        aria-label="Legg til 1 Jarlsberg 27% i handlekurven"
                                        title="Legg til 1 Jarlsberg 27% i handlekurven"
                                        
                                        
                                        data-tr-location="Popular Products"
                                        >
                                        <svg xmlns="http://www.w3.org/2000/svg" xmlns:xlink="http://www.w3.org/1999/xlink" version="1.1" class="icon icon-plus" x="0" y="0" viewBox="0 0 45 45" enable-background="new 0 0 45 45" xml:space="preserve" aria-label="Pluss-symbol">
    <polygon class="fill" points="45 19.6 25.4 19.6 25.4 0 19.6 0 19.6 19.6 0 19.6 0 25.4 19.6 25.4 19.6 45 25.4 45 25.4 25.4 45 25.4 "/>
</svg>

                                    </button>
                                    <div class="cart-quantity position-2" title="Antall i handlekurven">
                                        
                                    </div>
                                </div>
                            </div>
                        
                    

                </div>

        </div>
    </div>


                    
                        


    <div class="col-xs-6 col-sm-3 col-md-2">
        <div class="product-list-item ">

                


                
                


                
                    <a data-app-open-native href="/produkter/9395-champignon-kurv-polen/" class="modal-link">
                

                    <div>
                        <div class="image-container">
                            
                                <img src="https://bilder.kolonial.no/produkter/6a1c6572-7687-4571-9d35-c088a93176e6.jpg?fill=solid&amp;fill-color=ffffff&amp;fit=fill&amp;h=140&amp;w=140&amp;s=7c677ea92e4c5c016cc4a9163428e444" alt="Champignon" width="140" height="140" srcset="https://bilder.kolonial.no/produkter/6a1c6572-7687-4571-9d35-c088a93176e6.jpg?fill=solid&amp;fill-color=ffffff&amp;fit=fill&amp;h=140&amp;w=140&amp;s=7c677ea92e4c5c016cc4a9163428e444 1x, https://bilder.kolonial.no/produkter/6a1c6572-7687-4571-9d35-c088a93176e6.jpg?fill=solid&amp;fill-color=ffffff&amp;fit=fill&amp;h=280&amp;w=280&amp;s=abdf8a90a32818bee525fc8d426178dd 2x" />
                            

                            
                            

                            <div class="product-classifiers">
                                

                                

                                

                                

                                

                                

                                

                                

                                

                                
                                    
                                

                            </div>

                        </div>
                    </div>

                    <p class="price label label-price">
                        kr 11,80
                    </p>

                    
                        <p class="unit-price">
                            kr 47,20 per kg
                        </p>
                    

                    <h3 class="name">
                        <div class="name-main wrap-two-lines">Champignon</div>
                        <div class="name-extra wrap-one-line">
                            

                            Kurv, Polen, 250 g
                        </div>
                    </h3>

                    

                        

                    

                
                    </a>
                

                <div class="buttons">

                    
                        
                            <div class="add-to-cart-group" data-product="9395" >
                                <div class="not-in-cart">
                                    <button type="button"
                                        class=" add-to-cart btn btn-sm btn-primary"
                                        data-action="add-to-cart"
                                        data-product="9395"
                                        data-quantity="1"
                                        data-to-list="cart"
                                        aria-label="Kjøp Champignon Kurv, Polen, 250 g"
                                        
                                        
                                        data-tr-location="Popular Products"
                                        >
                                        Kjøp
                                    </button>
                                </div>
                                <div class="in-cart">
                                    <button type="button"
                                        class=" cart-quantity-change position-1"
                                        data-action="add-to-cart"
                                        data-product="9395"
                                        data-quantity="-1"
                                        data-to-list="cart"
                                        aria-label="Fjern 1 Champignon fra handlekurven"
                                        title="Fjern 1 Champignon fra handlekurven"
                                        
                                        
                                        data-tr-location="Popular Products"
                                        >
                                        <svg xmlns="http://www.w3.org/2000/svg" xmlns:xlink="http://www.w3.org/1999/xlink" version="1.1" class="icon icon-minus" y="0" viewBox="0 0 45 45" enable-background="new 0 0 45 45" xml:space="preserve" aria-label="Minus-symbol">
    <rect class="fill" x="0" y="19.6" width="45" height="5.8"/>
</svg>

                                    </button>
                                    <button type="button"
                                        class=" cart-quantity-change position-3"
                                        data-action="add-to-cart"
                                        data-product="9395"
                                        data-quantity="1"
                                        data-to-list="cart"
                                        aria-label="Legg til 1 Champignon i handlekurven"
                                        title="Legg til 1 Champignon i handlekurven"
                                        
                                        
                                        data-tr-location="Popular Products"
                                        >
                                        <svg xmlns="http://www.w3.org/2000/svg" xmlns:xlink="http://www.w3.org/1999/xlink" version="1.1" class="icon icon-plus" x="0" y="0" viewBox="0 0 45 45" enable-background="new 0 0 45 45" xml:space="preserve" aria-label="Pluss-symbol">
    <polygon class="fill" points="45 19.6 25.4 19.6 25.4 0 19.6 0 19.6 19.6 0 19.6 0 25.4 19.6 25.4 19.6 45 25.4 45 25.4 25.4 45 25.4 "/>
</svg>

                                    </button>
                                    <div class="cart-quantity position-2" title="Antall i handlekurven">
                                        
                                    </div>
                                </div>
                            </div>
                        
                    

                </div>

        </div>
    </div>


                    
                        


    <div class="col-xs-6 col-sm-3 col-md-2">
        <div class="product-list-item ">

                


                
                


                
                    <a data-app-open-native href="/produkter/15163-fersk-koriander-i-beger-norge/" class="modal-link">
                

                    <div>
                        <div class="image-container">
                            
                                <img src="https://bilder.kolonial.no/produkter/304941bc-5b84-4b4f-9aa3-903fff81d7a9.jpg?fill=solid&amp;fill-color=ffffff&amp;fit=fill&amp;h=140&amp;w=140&amp;s=caead4c4189c3f754f1d7e3e32695a28" alt="Fersk Koriander" width="140" height="140" srcset="https://bilder.kolonial.no/produkter/304941bc-5b84-4b4f-9aa3-903fff81d7a9.jpg?fill=solid&amp;fill-color=ffffff&amp;fit=fill&amp;h=140&amp;w=140&amp;s=caead4c4189c3f754f1d7e3e32695a28 1x, https://bilder.kolonial.no/produkter/304941bc-5b84-4b4f-9aa3-903fff81d7a9.jpg?fill=solid&amp;fill-color=ffffff&amp;fit=fill&amp;h=280&amp;w=280&amp;s=54cac47fcc6e13bf6724035b55218136 2x" />
                            

                            
                            

                            <div class="product-classifiers">
                                

                                

                                

                                

                                

                                

                                

                                

                                

                                
                                    
                                        <div class="expiry" title="Vi garanterer 3 dagers holdbarhet på dette produktet">
                                            <p>
                                                3+
                                            </p>
                                        </div>
                                    
                                

                            </div>

                        </div>
                    </div>

                    <p class="price label label-price">
                        kr 26,80
                    </p>

                    
                        <p class="unit-price">
                            kr 1340,00 per kg
                        </p>
                    

                    <h3 class="name">
                        <div class="name-main wrap-two-lines">Fersk Koriander</div>
                        <div class="name-extra wrap-one-line">
                            

                            i Beger, Norge, 20 g
                        </div>
                    </h3>

                    

                        

                    

                
                    </a>
                

                <div class="buttons">

                    
                        
                            <div class="add-to-cart-group" data-product="15163" >
                                <div class="not-in-cart">
                                    <button type="button"
                                        class=" add-to-cart btn btn-sm btn-primary"
                                        data-action="add-to-cart"
                                        data-product="15163"
                                        data-quantity="1"
                                        data-to-list="cart"
                                        aria-label="Kjøp Fersk Koriander i Beger, Norge, 20 g"
                                        
                                        
                                        data-tr-location="Popular Products"
                                        >
                                        Kjøp
                                    </button>
                                </div>
                                <div class="in-cart">
                                    <button type="button"
                                        class=" cart-quantity-change position-1"
                                        data-action="add-to-cart"
                                        data-product="15163"
                                        data-quantity="-1"
                                        data-to-list="cart"
                                        aria-label="Fjern 1 Fersk Koriander fra handlekurven"
                                        title="Fjern 1 Fersk Koriander fra handlekurven"
                                        
                                        
                                        data-tr-location="Popular Products"
                                        >
                                        <svg xmlns="http://www.w3.org/2000/svg" xmlns:xlink="http://www.w3.org/1999/xlink" version="1.1" class="icon icon-minus" y="0" viewBox="0 0 45 45" enable-background="new 0 0 45 45" xml:space="preserve" aria-label="Minus-symbol">
    <rect class="fill" x="0" y="19.6" width="45" height="5.8"/>
</svg>

                                    </button>
                                    <button type="button"
                                        class=" cart-quantity-change position-3"
                                        data-action="add-to-cart"
                                        data-product="15163"
                                        data-quantity="1"
                                        data-to-list="cart"
                                        aria-label="Legg til 1 Fersk Koriander i handlekurven"
                                        title="Legg til 1 Fersk Koriander i handlekurven"
                                        
                                        
                                        data-tr-location="Popular Products"
                                        >
                                        <svg xmlns="http://www.w3.org/2000/svg" xmlns:xlink="http://www.w3.org/1999/xlink" version="1.1" class="icon icon-plus" x="0" y="0" viewBox="0 0 45 45" enable-background="new 0 0 45 45" xml:space="preserve" aria-label="Pluss-symbol">
    <polygon class="fill" points="45 19.6 25.4 19.6 25.4 0 19.6 0 19.6 19.6 0 19.6 0 25.4 19.6 25.4 19.6 45 25.4 45 25.4 25.4 45 25.4 "/>
</svg>

                                    </button>
                                    <div class="cart-quantity position-2" title="Antall i handlekurven">
                                        
                                    </div>
                                </div>
                            </div>
                        
                    

                </div>

        </div>
    </div>


                    
                        


    <div class="col-xs-6 col-sm-3 col-md-2">
        <div class="product-list-item ">

                


                
                


                
                    <a data-app-open-native href="/produkter/1768-mollerens-hvetemel-siktet/" class="modal-link">
                

                    <div>
                        <div class="image-container">
                            
                                <img src="https://bilder.kolonial.no/produkter/a7d148b5-00b8-420a-a1ba-08eea9fc659a.jpeg?fill=solid&amp;fill-color=ffffff&amp;fit=fill&amp;h=140&amp;w=140&amp;s=9ba72452443e9baa51fe3658d878c1a7" alt="Hvetemel" width="140" height="140" title="Bilde: © Møllerens / Kolonial.no" srcset="https://bilder.kolonial.no/produkter/a7d148b5-00b8-420a-a1ba-08eea9fc659a.jpeg?fill=solid&amp;fill-color=ffffff&amp;fit=fill&amp;h=140&amp;w=140&amp;s=9ba72452443e9baa51fe3658d878c1a7 1x, https://bilder.kolonial.no/produkter/a7d148b5-00b8-420a-a1ba-08eea9fc659a.jpeg?fill=solid&amp;fill-color=ffffff&amp;fit=fill&amp;h=280&amp;w=280&amp;s=15bf37ad01963b963b53f0da329e6ea6 2x" />
                            

                            
                            

                            <div class="product-classifiers">
                                

                                

                                

                                

                                

                                

                                

                                

                                

                                
                                    
                                

                            </div>

                        </div>
                    </div>

                    <p class="price label label-price">
                        kr 18,90
                    </p>

                    
                        <p class="unit-price">
                            kr 9,45 per kg
                        </p>
                    

                    <h3 class="name">
                        <div class="name-main wrap-two-lines">Hvetemel</div>
                        <div class="name-extra wrap-one-line">
                            

                            Siktet, 2 kg
                        </div>
                    </h3>

                    

                        

                    

                
                    </a>
                

                <div class="buttons">

                    
                        
                            <div class="add-to-cart-group" data-product="1768" >
                                <div class="not-in-cart">
                                    <button type="button"
                                        class=" add-to-cart btn btn-sm btn-primary"
                                        data-action="add-to-cart"
                                        data-product="1768"
                                        data-quantity="1"
                                        data-to-list="cart"
                                        aria-label="Kjøp Hvetemel Siktet, 2 kg"
                                        
                                        
                                        data-tr-location="Popular Products"
                                        >
                                        Kjøp
                                    </button>
                                </div>
                                <div class="in-cart">
                                    <button type="button"
                                        class=" cart-quantity-change position-1"
                                        data-action="add-to-cart"
                                        data-product="1768"
                                        data-quantity="-1"
                                        data-to-list="cart"
                                        aria-label="Fjern 1 Hvetemel fra handlekurven"
                                        title="Fjern 1 Hvetemel fra handlekurven"
                                        
                                        
                                        data-tr-location="Popular Products"
                                        >
                                        <svg xmlns="http://www.w3.org/2000/svg" xmlns:xlink="http://www.w3.org/1999/xlink" version="1.1" class="icon icon-minus" y="0" viewBox="0 0 45 45" enable-background="new 0 0 45 45" xml:space="preserve" aria-label="Minus-symbol">
    <rect class="fill" x="0" y="19.6" width="45" height="5.8"/>
</svg>

                                    </button>
                                    <button type="button"
                                        class=" cart-quantity-change position-3"
                                        data-action="add-to-cart"
                                        data-product="1768"
                                        data-quantity="1"
                                        data-to-list="cart"
                                        aria-label="Legg til 1 Hvetemel i handlekurven"
                                        title="Legg til 1 Hvetemel i handlekurven"
                                        
                                        
                                        data-tr-location="Popular Products"
                                        >
                                        <svg xmlns="http://www.w3.org/2000/svg" xmlns:xlink="http://www.w3.org/1999/xlink" version="1.1" class="icon icon-plus" x="0" y="0" viewBox="0 0 45 45" enable-background="new 0 0 45 45" xml:space="preserve" aria-label="Pluss-symbol">
    <polygon class="fill" points="45 19.6 25.4 19.6 25.4 0 19.6 0 19.6 19.6 0 19.6 0 25.4 19.6 25.4 19.6 45 25.4 45 25.4 25.4 45 25.4 "/>
</svg>

                                    </button>
                                    <div class="cart-quantity position-2" title="Antall i handlekurven">
                                        
                                    </div>
                                </div>
                            </div>
                        
                    

                </div>

        </div>
    </div>


                    
                        


    <div class="col-xs-6 col-sm-3 col-md-2">
        <div class="product-list-item ">

                


                
                


                
                    <a data-app-open-native href="/produkter/28868-egg-str-s-m-var-laveste-pris/" class="modal-link">
                

                    <div>
                        <div class="image-container">
                            
                                <img src="https://bilder.kolonial.no/produkter/7347c4a6-c590-4f4e-960d-58ce33c2eea2.jpg?fill=solid&amp;fill-color=ffffff&amp;fit=fill&amp;h=140&amp;w=140&amp;s=aab1fd57e1a23477162d5ce91ca0e027" alt="Egg" width="140" height="140" srcset="https://bilder.kolonial.no/produkter/7347c4a6-c590-4f4e-960d-58ce33c2eea2.jpg?fill=solid&amp;fill-color=ffffff&amp;fit=fill&amp;h=140&amp;w=140&amp;s=aab1fd57e1a23477162d5ce91ca0e027 1x, https://bilder.kolonial.no/produkter/7347c4a6-c590-4f4e-960d-58ce33c2eea2.jpg?fill=solid&amp;fill-color=ffffff&amp;fit=fill&amp;h=280&amp;w=280&amp;s=f3940fc5daace0bf47e13083eda53496 2x" />
                            

                            
                            

                            <div class="product-classifiers">
                                

                                

                                

                                
                                    <div class="enjoy_norway" title="Produktet er merket Nyt Norge">
                                        <p class="sr-only">
                                            Nyt Norge
                                        </p>
                                    </div>
                                

                                

                                

                                

                                

                                

                                
                                    
                                

                            </div>

                        </div>
                    </div>

                    <p class="price label label-price">
                        kr 23,90
                    </p>

                    
                        <p class="unit-price">
                            kr 32,74 per kg
                        </p>
                    

                    <h3 class="name">
                        <div class="name-main wrap-two-lines">Egg</div>
                        <div class="name-extra wrap-one-line">
                            

                            Str S/M, Vår Laveste Pris, 12 stk
                        </div>
                    </h3>

                    

                        

                    

                
                    </a>
                

                <div class="buttons">

                    
                        
                            <div class="add-to-cart-group" data-product="28868" >
                                <div class="not-in-cart">
                                    <button type="button"
                                        class=" add-to-cart btn btn-sm btn-primary"
                                        data-action="add-to-cart"
                                        data-product="28868"
                                        data-quantity="1"
                                        data-to-list="cart"
                                        aria-label="Kjøp Egg Str S/M, Vår Laveste Pris, 12 stk"
                                        
                                        
                                        data-tr-location="Popular Products"
                                        >
                                        Kjøp
                                    </button>
                                </div>
                                <div class="in-cart">
                                    <button type="button"
                                        class=" cart-quantity-change position-1"
                                        data-action="add-to-cart"
                                        data-product="28868"
                                        data-quantity="-1"
                                        data-to-list="cart"
                                        aria-label="Fjern 1 Egg fra handlekurven"
                                        title="Fjern 1 Egg fra handlekurven"
                                        
                                        
                                        data-tr-location="Popular Products"
                                        >
                                        <svg xmlns="http://www.w3.org/2000/svg" xmlns:xlink="http://www.w3.org/1999/xlink" version="1.1" class="icon icon-minus" y="0" viewBox="0 0 45 45" enable-background="new 0 0 45 45" xml:space="preserve" aria-label="Minus-symbol">
    <rect class="fill" x="0" y="19.6" width="45" height="5.8"/>
</svg>

                                    </button>
                                    <button type="button"
                                        class=" cart-quantity-change position-3"
                                        data-action="add-to-cart"
                                        data-product="28868"
                                        data-quantity="1"
                                        data-to-list="cart"
                                        aria-label="Legg til 1 Egg i handlekurven"
                                        title="Legg til 1 Egg i handlekurven"
                                        
                                        
                                        data-tr-location="Popular Products"
                                        >
                                        <svg xmlns="http://www.w3.org/2000/svg" xmlns:xlink="http://www.w3.org/1999/xlink" version="1.1" class="icon icon-plus" x="0" y="0" viewBox="0 0 45 45" enable-background="new 0 0 45 45" xml:space="preserve" aria-label="Pluss-symbol">
    <polygon class="fill" points="45 19.6 25.4 19.6 25.4 0 19.6 0 19.6 19.6 0 19.6 0 25.4 19.6 25.4 19.6 45 25.4 45 25.4 25.4 45 25.4 "/>
</svg>

                                    </button>
                                    <div class="cart-quantity position-2" title="Antall i handlekurven">
                                        
                                    </div>
                                </div>
                            </div>
                        
                    

                </div>

        </div>
    </div>


                    
                        


    <div class="col-xs-6 col-sm-3 col-md-2">
        <div class="product-list-item ">

                


                
                


                
                    <a data-app-open-native href="/produkter/1339-tine-norvegia-skorpefri/" class="modal-link">
                

                    <div>
                        <div class="image-container">
                            
                                <img src="https://bilder.kolonial.no/produkter/36ce4f3d-cc2d-4a9a-a82d-71a59fd18dca.jpeg?fill=solid&amp;fill-color=ffffff&amp;fit=fill&amp;h=140&amp;w=140&amp;s=24194ad1344e92ce9256fd6b8d27c9e3" alt="Norvegia Skorpefri" width="140" height="140" title="Bilde: © Tine / Kolonial.no" srcset="https://bilder.kolonial.no/produkter/36ce4f3d-cc2d-4a9a-a82d-71a59fd18dca.jpeg?fill=solid&amp;fill-color=ffffff&amp;fit=fill&amp;h=140&amp;w=140&amp;s=24194ad1344e92ce9256fd6b8d27c9e3 1x, https://bilder.kolonial.no/produkter/36ce4f3d-cc2d-4a9a-a82d-71a59fd18dca.jpeg?fill=solid&amp;fill-color=ffffff&amp;fit=fill&amp;h=280&amp;w=280&amp;s=4c820a2694c401a18778ba2c614efb4f 2x" />
                            

                            
                            

                            <div class="product-classifiers">
                                

                                

                                

                                
                                    <div class="enjoy_norway" title="Produktet er merket Nyt Norge">
                                        <p class="sr-only">
                                            Nyt Norge
                                        </p>
                                    </div>
                                

                                

                                

                                

                                

                                

                                
                                    
                                

                            </div>

                        </div>
                    </div>

                    <p class="price label label-price">
                        kr 99,00
                    </p>

                    
                        <p class="unit-price">
                            kr 99,00 per kg
                        </p>
                    

                    <h3 class="name">
                        <div class="name-main wrap-two-lines">Norvegia Skorpefri</div>
                        <div class="name-extra wrap-one-line">
                            

                            ca. 1 kg
                        </div>
                    </h3>

                    

                        

                    

                
                    </a>
                

                <div class="buttons">

                    
                        
                            <div class="add-to-cart-group" data-product="1339" >
                                <div class="not-in-cart">
                                    <button type="button"
                                        class=" add-to-cart btn btn-sm btn-primary"
                                        data-action="add-to-cart"
                                        data-product="1339"
                                        data-quantity="1"
                                        data-to-list="cart"
                                        aria-label="Kjøp Norvegia Skorpefri ca. 1 kg"
                                        
                                        
                                        data-tr-location="Popular Products"
                                        >
                                        Kjøp
                                    </button>
                                </div>
                                <div class="in-cart">
                                    <button type="button"
                                        class=" cart-quantity-change position-1"
                                        data-action="add-to-cart"
                                        data-product="1339"
                                        data-quantity="-1"
                                        data-to-list="cart"
                                        aria-label="Fjern 1 Norvegia Skorpefri fra handlekurven"
                                        title="Fjern 1 Norvegia Skorpefri fra handlekurven"
                                        
                                        
                                        data-tr-location="Popular Products"
                                        >
                                        <svg xmlns="http://www.w3.org/2000/svg" xmlns:xlink="http://www.w3.org/1999/xlink" version="1.1" class="icon icon-minus" y="0" viewBox="0 0 45 45" enable-background="new 0 0 45 45" xml:space="preserve" aria-label="Minus-symbol">
    <rect class="fill" x="0" y="19.6" width="45" height="5.8"/>
</svg>

                                    </button>
                                    <button type="button"
                                        class=" cart-quantity-change position-3"
                                        data-action="add-to-cart"
                                        data-product="1339"
                                        data-quantity="1"
                                        data-to-list="cart"
                                        aria-label="Legg til 1 Norvegia Skorpefri i handlekurven"
                                        title="Legg til 1 Norvegia Skorpefri i handlekurven"
                                        
                                        
                                        data-tr-location="Popular Products"
                                        >
                                        <svg xmlns="http://www.w3.org/2000/svg" xmlns:xlink="http://www.w3.org/1999/xlink" version="1.1" class="icon icon-plus" x="0" y="0" viewBox="0 0 45 45" enable-background="new 0 0 45 45" xml:space="preserve" aria-label="Pluss-symbol">
    <polygon class="fill" points="45 19.6 25.4 19.6 25.4 0 19.6 0 19.6 19.6 0 19.6 0 25.4 19.6 25.4 19.6 45 25.4 45 25.4 25.4 45 25.4 "/>
</svg>

                                    </button>
                                    <div class="cart-quantity position-2" title="Antall i handlekurven">
                                        
                                    </div>
                                </div>
                            </div>
                        
                    

                </div>

        </div>
    </div>


                    
                        


    <div class="col-xs-6 col-sm-3 col-md-2">
        <div class="product-list-item ">

                


                
                


                
                    <a data-app-open-native href="/produkter/19708-miljogartneriet-mini-plommetomat-i-beger-norge/" class="modal-link">
                

                    <div>
                        <div class="image-container">
                            
                                <img src="https://bilder.kolonial.no/produkter/9e06ff1f-8b48-49e3-a0d8-5daed8fd9ae2.jpg?fill=solid&amp;fill-color=ffffff&amp;fit=fill&amp;h=140&amp;w=140&amp;s=a679732839253f365d893923c7814338" alt="Mini Plommetomat i Beger" width="140" height="140" title="Bilde: © Miljøgartneriet / Kolonial.no" srcset="https://bilder.kolonial.no/produkter/9e06ff1f-8b48-49e3-a0d8-5daed8fd9ae2.jpg?fill=solid&amp;fill-color=ffffff&amp;fit=fill&amp;h=140&amp;w=140&amp;s=a679732839253f365d893923c7814338 1x, https://bilder.kolonial.no/produkter/9e06ff1f-8b48-49e3-a0d8-5daed8fd9ae2.jpg?fill=solid&amp;fill-color=ffffff&amp;fit=fill&amp;h=280&amp;w=280&amp;s=2ad628ef1c2b14a4e405b92d9fa6dc36 2x" />
                            

                            
                            

                            <div class="product-classifiers">
                                

                                

                                

                                

                                

                                

                                

                                

                                

                                
                                    
                                

                            </div>

                        </div>
                    </div>

                    <p class="price label label-price">
                        kr 31,10
                    </p>

                    
                        <p class="unit-price">
                            kr 177,71 per kg
                        </p>
                    

                    <h3 class="name">
                        <div class="name-main wrap-two-lines">Mini Plommetomat i Beger</div>
                        <div class="name-extra wrap-one-line">
                            

                            Norge, 175 g
                        </div>
                    </h3>

                    

                        

                    

                
                    </a>
                

                <div class="buttons">

                    
                        
                            <div class="add-to-cart-group" data-product="19708" >
                                <div class="not-in-cart">
                                    <button type="button"
                                        class=" add-to-cart btn btn-sm btn-primary"
                                        data-action="add-to-cart"
                                        data-product="19708"
                                        data-quantity="1"
                                        data-to-list="cart"
                                        aria-label="Kjøp Mini Plommetomat i Beger Norge, 175 g"
                                        
                                        
                                        data-tr-location="Popular Products"
                                        >
                                        Kjøp
                                    </button>
                                </div>
                                <div class="in-cart">
                                    <button type="button"
                                        class=" cart-quantity-change position-1"
                                        data-action="add-to-cart"
                                        data-product="19708"
                                        data-quantity="-1"
                                        data-to-list="cart"
                                        aria-label="Fjern 1 Mini Plommetomat i Beger fra handlekurven"
                                        title="Fjern 1 Mini Plommetomat i Beger fra handlekurven"
                                        
                                        
                                        data-tr-location="Popular Products"
                                        >
                                        <svg xmlns="http://www.w3.org/2000/svg" xmlns:xlink="http://www.w3.org/1999/xlink" version="1.1" class="icon icon-minus" y="0" viewBox="0 0 45 45" enable-background="new 0 0 45 45" xml:space="preserve" aria-label="Minus-symbol">
    <rect class="fill" x="0" y="19.6" width="45" height="5.8"/>
</svg>

                                    </button>
                                    <button type="button"
                                        class=" cart-quantity-change position-3"
                                        data-action="add-to-cart"
                                        data-product="19708"
                                        data-quantity="1"
                                        data-to-list="cart"
                                        aria-label="Legg til 1 Mini Plommetomat i Beger i handlekurven"
                                        title="Legg til 1 Mini Plommetomat i Beger i handlekurven"
                                        
                                        
                                        data-tr-location="Popular Products"
                                        >
                                        <svg xmlns="http://www.w3.org/2000/svg" xmlns:xlink="http://www.w3.org/1999/xlink" version="1.1" class="icon icon-plus" x="0" y="0" viewBox="0 0 45 45" enable-background="new 0 0 45 45" xml:space="preserve" aria-label="Pluss-symbol">
    <polygon class="fill" points="45 19.6 25.4 19.6 25.4 0 19.6 0 19.6 19.6 0 19.6 0 25.4 19.6 25.4 19.6 45 25.4 45 25.4 25.4 45 25.4 "/>
</svg>

                                    </button>
                                    <div class="cart-quantity position-2" title="Antall i handlekurven">
                                        
                                    </div>
                                </div>
                            </div>
                        
                    

                </div>

        </div>
    </div>


                    
                        


    <div class="col-xs-6 col-sm-3 col-md-2">
        <div class="product-list-item ">

                


                
                


                
                    <a data-app-open-native href="/produkter/433-tine-kremflote/" class="modal-link">
                

                    <div>
                        <div class="image-container">
                            
                                <img src="https://bilder.kolonial.no/produkter/8dfa0bec-b423-4d61-b1e6-6f249c575c8f.jpeg?fill=solid&amp;fill-color=ffffff&amp;fit=fill&amp;h=140&amp;w=140&amp;s=18b1854d737e1a7e2085a46e84ffc668" alt="Kremfløte" width="140" height="140" title="Bilde: © Tine / Kolonial.no" srcset="https://bilder.kolonial.no/produkter/8dfa0bec-b423-4d61-b1e6-6f249c575c8f.jpeg?fill=solid&amp;fill-color=ffffff&amp;fit=fill&amp;h=140&amp;w=140&amp;s=18b1854d737e1a7e2085a46e84ffc668 1x, https://bilder.kolonial.no/produkter/8dfa0bec-b423-4d61-b1e6-6f249c575c8f.jpeg?fill=solid&amp;fill-color=ffffff&amp;fit=fill&amp;h=280&amp;w=280&amp;s=ca42bf2b9cd1b94f7643bd294dc29ee4 2x" />
                            

                            
                            

                            <div class="product-classifiers">
                                

                                

                                

                                
                                    <div class="enjoy_norway" title="Produktet er merket Nyt Norge">
                                        <p class="sr-only">
                                            Nyt Norge
                                        </p>
                                    </div>
                                

                                

                                

                                

                                

                                

                                
                                    
                                        <div class="expiry" title="Vi garanterer 6 dagers holdbarhet på dette produktet">
                                            <p>
                                                6+
                                            </p>
                                        </div>
                                    
                                

                            </div>

                        </div>
                    </div>

                    <p class="price label label-price">
                        kr 17,90
                    </p>

                    
                        <p class="unit-price">
                            kr 59,67 per l
                        </p>
                    

                    <h3 class="name">
                        <div class="name-main wrap-two-lines">Kremfløte</div>
                        <div class="name-extra wrap-one-line">
                            

                            3 dl
                        </div>
                    </h3>

                    

                        

                    

                
                    </a>
                

                <div class="buttons">

                    
                        
                            <div class="add-to-cart-group" data-product="433" >
                                <div class="not-in-cart">
                                    <button type="button"
                                        class=" add-to-cart btn btn-sm btn-primary"
                                        data-action="add-to-cart"
                                        data-product="433"
                                        data-quantity="1"
                                        data-to-list="cart"
                                        aria-label="Kjøp Kremfløte 3 dl"
                                        
                                        
                                        data-tr-location="Popular Products"
                                        >
                                        Kjøp
                                    </button>
                                </div>
                                <div class="in-cart">
                                    <button type="button"
                                        class=" cart-quantity-change position-1"
                                        data-action="add-to-cart"
                                        data-product="433"
                                        data-quantity="-1"
                                        data-to-list="cart"
                                        aria-label="Fjern 1 Kremfløte fra handlekurven"
                                        title="Fjern 1 Kremfløte fra handlekurven"
                                        
                                        
                                        data-tr-location="Popular Products"
                                        >
                                        <svg xmlns="http://www.w3.org/2000/svg" xmlns:xlink="http://www.w3.org/1999/xlink" version="1.1" class="icon icon-minus" y="0" viewBox="0 0 45 45" enable-background="new 0 0 45 45" xml:space="preserve" aria-label="Minus-symbol">
    <rect class="fill" x="0" y="19.6" width="45" height="5.8"/>
</svg>

                                    </button>
                                    <button type="button"
                                        class=" cart-quantity-change position-3"
                                        data-action="add-to-cart"
                                        data-product="433"
                                        data-quantity="1"
                                        data-to-list="cart"
                                        aria-label="Legg til 1 Kremfløte i handlekurven"
                                        title="Legg til 1 Kremfløte i handlekurven"
                                        
                                        
                                        data-tr-location="Popular Products"
                                        >
                                        <svg xmlns="http://www.w3.org/2000/svg" xmlns:xlink="http://www.w3.org/1999/xlink" version="1.1" class="icon icon-plus" x="0" y="0" viewBox="0 0 45 45" enable-background="new 0 0 45 45" xml:space="preserve" aria-label="Pluss-symbol">
    <polygon class="fill" points="45 19.6 25.4 19.6 25.4 0 19.6 0 19.6 19.6 0 19.6 0 25.4 19.6 25.4 19.6 45 25.4 45 25.4 25.4 45 25.4 "/>
</svg>

                                    </button>
                                    <div class="cart-quantity position-2" title="Antall i handlekurven">
                                        
                                    </div>
                                </div>
                            </div>
                        
                    

                </div>

        </div>
    </div>


                    
                        


    <div class="col-xs-6 col-sm-3 col-md-2">
        <div class="product-list-item ">

                


                
                


                
                    <a data-app-open-native href="/produkter/27780-gulrot-i-bunt-norge/" class="modal-link">
                

                    <div>
                        <div class="image-container">
                            
                                <img src="https://bilder.kolonial.no/produkter/fff9d56d-bac9-439f-9a18-f01dbb5e00a9.jpg?fill=solid&amp;fill-color=ffffff&amp;fit=fill&amp;h=140&amp;w=140&amp;s=c2140b5f7bbffb84bf80fff17d073f90" alt="Gulrot I Bunt" width="140" height="140" srcset="https://bilder.kolonial.no/produkter/fff9d56d-bac9-439f-9a18-f01dbb5e00a9.jpg?fill=solid&amp;fill-color=ffffff&amp;fit=fill&amp;h=140&amp;w=140&amp;s=c2140b5f7bbffb84bf80fff17d073f90 1x, https://bilder.kolonial.no/produkter/fff9d56d-bac9-439f-9a18-f01dbb5e00a9.jpg?fill=solid&amp;fill-color=ffffff&amp;fit=fill&amp;h=280&amp;w=280&amp;s=c25f05144e088fe4b1969d1bc69d2f18 2x" />
                            

                            
                            

                            <div class="product-classifiers">
                                

                                

                                

                                

                                

                                

                                

                                

                                

                                
                                    
                                

                            </div>

                        </div>
                    </div>

                    <p class="price label label-price">
                        kr 34,90
                    </p>

                    
                        <p class="unit-price">
                            kr 34,90 per kg
                        </p>
                    

                    <h3 class="name">
                        <div class="name-main wrap-two-lines">Gulrot I Bunt</div>
                        <div class="name-extra wrap-one-line">
                            

                            Norge, 1 kg
                        </div>
                    </h3>

                    

                        

                    

                
                    </a>
                

                <div class="buttons">

                    
                        
                            <div class="add-to-cart-group" data-product="27780" >
                                <div class="not-in-cart">
                                    <button type="button"
                                        class=" add-to-cart btn btn-sm btn-primary"
                                        data-action="add-to-cart"
                                        data-product="27780"
                                        data-quantity="1"
                                        data-to-list="cart"
                                        aria-label="Kjøp Gulrot I Bunt Norge, 1 kg"
                                        
                                        
                                        data-tr-location="Popular Products"
                                        >
                                        Kjøp
                                    </button>
                                </div>
                                <div class="in-cart">
                                    <button type="button"
                                        class=" cart-quantity-change position-1"
                                        data-action="add-to-cart"
                                        data-product="27780"
                                        data-quantity="-1"
                                        data-to-list="cart"
                                        aria-label="Fjern 1 Gulrot I Bunt fra handlekurven"
                                        title="Fjern 1 Gulrot I Bunt fra handlekurven"
                                        
                                        
                                        data-tr-location="Popular Products"
                                        >
                                        <svg xmlns="http://www.w3.org/2000/svg" xmlns:xlink="http://www.w3.org/1999/xlink" version="1.1" class="icon icon-minus" y="0" viewBox="0 0 45 45" enable-background="new 0 0 45 45" xml:space="preserve" aria-label="Minus-symbol">
    <rect class="fill" x="0" y="19.6" width="45" height="5.8"/>
</svg>

                                    </button>
                                    <button type="button"
                                        class=" cart-quantity-change position-3"
                                        data-action="add-to-cart"
                                        data-product="27780"
                                        data-quantity="1"
                                        data-to-list="cart"
                                        aria-label="Legg til 1 Gulrot I Bunt i handlekurven"
                                        title="Legg til 1 Gulrot I Bunt i handlekurven"
                                        
                                        
                                        data-tr-location="Popular Products"
                                        >
                                        <svg xmlns="http://www.w3.org/2000/svg" xmlns:xlink="http://www.w3.org/1999/xlink" version="1.1" class="icon icon-plus" x="0" y="0" viewBox="0 0 45 45" enable-background="new 0 0 45 45" xml:space="preserve" aria-label="Pluss-symbol">
    <polygon class="fill" points="45 19.6 25.4 19.6 25.4 0 19.6 0 19.6 19.6 0 19.6 0 25.4 19.6 25.4 19.6 45 25.4 45 25.4 25.4 45 25.4 "/>
</svg>

                                    </button>
                                    <div class="cart-quantity position-2" title="Antall i handlekurven">
                                        
                                    </div>
                                </div>
                            </div>
                        
                    

                </div>

        </div>
    </div>


                    
                        


    <div class="col-xs-6 col-sm-3 col-md-2">
        <div class="product-list-item ">

                


                
                

    
    

        <div class="discount-bubble">
            <p>
                

                
                    -30%
                
            </p>
        </div>

    




                
                    <a data-app-open-native href="/produkter/28067-freia-kvikk-lunsj-6-pk/" class="modal-link">
                

                    <div>
                        <div class="image-container">
                            
                                <img src="https://bilder.kolonial.no/produkter/01306b55-c809-423f-809e-2dd78d08d993.png?fill=solid&amp;fill-color=ffffff&amp;fit=fill&amp;h=140&amp;w=140&amp;s=2f03a833572f291d617bdbe8ae8e861a" alt="Kvikk Lunsj 6-pk" width="140" height="140" title="Bilde: © Freia / Kolonial.no" srcset="https://bilder.kolonial.no/produkter/01306b55-c809-423f-809e-2dd78d08d993.png?fill=solid&amp;fill-color=ffffff&amp;fit=fill&amp;h=140&amp;w=140&amp;s=2f03a833572f291d617bdbe8ae8e861a 1x, https://bilder.kolonial.no/produkter/01306b55-c809-423f-809e-2dd78d08d993.png?fill=solid&amp;fill-color=ffffff&amp;fit=fill&amp;h=280&amp;w=280&amp;s=d1cdd2ddb76cba493c98681408d4c5a1 2x" />
                            

                            
                            

                            <div class="product-classifiers">
                                

                                

                                

                                

                                

                                

                                

                                

                                

                                
                                    
                                

                            </div>

                        </div>
                    </div>

                    <p class="price label label-price-discounted">
                        <span class="undiscounted-price">67,40</span> kr 47,18
                    </p>

                    
                        <p class="unit-price">
                            kr 167,30 per kg
                        </p>
                    

                    <h3 class="name">
                        <div class="name-main wrap-two-lines">Kvikk Lunsj 6-pk</div>
                        <div class="name-extra wrap-one-line">
                            

                            282 g
                        </div>
                    </h3>

                    

                        

                    

                
                    </a>
                

                <div class="buttons">

                    
                        
                            <div class="add-to-cart-group" data-product="28067" >
                                <div class="not-in-cart">
                                    <button type="button"
                                        class=" add-to-cart btn btn-sm btn-primary"
                                        data-action="add-to-cart"
                                        data-product="28067"
                                        data-quantity="1"
                                        data-to-list="cart"
                                        aria-label="Kjøp Kvikk Lunsj 6-pk 282 g"
                                        
                                        
                                        data-tr-location="Popular Products"
                                        >
                                        Kjøp
                                    </button>
                                </div>
                                <div class="in-cart">
                                    <button type="button"
                                        class=" cart-quantity-change position-1"
                                        data-action="add-to-cart"
                                        data-product="28067"
                                        data-quantity="-1"
                                        data-to-list="cart"
                                        aria-label="Fjern 1 Kvikk Lunsj 6-pk fra handlekurven"
                                        title="Fjern 1 Kvikk Lunsj 6-pk fra handlekurven"
                                        
                                        
                                        data-tr-location="Popular Products"
                                        >
                                        <svg xmlns="http://www.w3.org/2000/svg" xmlns:xlink="http://www.w3.org/1999/xlink" version="1.1" class="icon icon-minus" y="0" viewBox="0 0 45 45" enable-background="new 0 0 45 45" xml:space="preserve" aria-label="Minus-symbol">
    <rect class="fill" x="0" y="19.6" width="45" height="5.8"/>
</svg>

                                    </button>
                                    <button type="button"
                                        class=" cart-quantity-change position-3"
                                        data-action="add-to-cart"
                                        data-product="28067"
                                        data-quantity="1"
                                        data-to-list="cart"
                                        aria-label="Legg til 1 Kvikk Lunsj 6-pk i handlekurven"
                                        title="Legg til 1 Kvikk Lunsj 6-pk i handlekurven"
                                        
                                        
                                        data-tr-location="Popular Products"
                                        >
                                        <svg xmlns="http://www.w3.org/2000/svg" xmlns:xlink="http://www.w3.org/1999/xlink" version="1.1" class="icon icon-plus" x="0" y="0" viewBox="0 0 45 45" enable-background="new 0 0 45 45" xml:space="preserve" aria-label="Pluss-symbol">
    <polygon class="fill" points="45 19.6 25.4 19.6 25.4 0 19.6 0 19.6 19.6 0 19.6 0 25.4 19.6 25.4 19.6 45 25.4 45 25.4 25.4 45 25.4 "/>
</svg>

                                    </button>
                                    <div class="cart-quantity position-2" title="Antall i handlekurven">
                                        
                                    </div>
                                </div>
                            </div>
                        
                    

                </div>

        </div>
    </div>


                    
                        


    <div class="col-xs-6 col-sm-3 col-md-2">
        <div class="product-list-item ">

                


                
                


                
                    <a data-app-open-native href="/produkter/11596-buer-lomper-buer-10-stk/" class="modal-link">
                

                    <div>
                        <div class="image-container">
                            
                                <img src="https://bilder.kolonial.no/produkter/c5e7cfec-caec-4526-aa96-36f121657b31.jpeg?fill=solid&amp;fill-color=ffffff&amp;fit=fill&amp;h=140&amp;w=140&amp;s=47f55e52449728ca93d52f363568a00b" alt="Lomper Buer" width="140" height="140" title="Bilde: © Buer / Kolonial.no" srcset="https://bilder.kolonial.no/produkter/c5e7cfec-caec-4526-aa96-36f121657b31.jpeg?fill=solid&amp;fill-color=ffffff&amp;fit=fill&amp;h=140&amp;w=140&amp;s=47f55e52449728ca93d52f363568a00b 1x, https://bilder.kolonial.no/produkter/c5e7cfec-caec-4526-aa96-36f121657b31.jpeg?fill=solid&amp;fill-color=ffffff&amp;fit=fill&amp;h=280&amp;w=280&amp;s=76d13cf1b6b33ac61c6db57b023365bc 2x" />
                            

                            
                            

                            <div class="product-classifiers">
                                

                                

                                

                                
                                    <div class="enjoy_norway" title="Produktet er merket Nyt Norge">
                                        <p class="sr-only">
                                            Nyt Norge
                                        </p>
                                    </div>
                                

                                

                                

                                

                                

                                

                                
                                    
                                        <div class="expiry" title="Vi garanterer 3 dagers holdbarhet på dette produktet">
                                            <p>
                                                3+
                                            </p>
                                        </div>
                                    
                                

                            </div>

                        </div>
                    </div>

                    <p class="price label label-price">
                        kr 13,40
                    </p>

                    
                        <p class="unit-price">
                            kr 51,54 per kg
                        </p>
                    

                    <h3 class="name">
                        <div class="name-main wrap-two-lines">Lomper Buer</div>
                        <div class="name-extra wrap-one-line">
                            

                            10 stk, 260 g
                        </div>
                    </h3>

                    

                        

                    

                
                    </a>
                

                <div class="buttons">

                    
                        
                            <div class="add-to-cart-group" data-product="11596" >
                                <div class="not-in-cart">
                                    <button type="button"
                                        class=" add-to-cart btn btn-sm btn-primary"
                                        data-action="add-to-cart"
                                        data-product="11596"
                                        data-quantity="1"
                                        data-to-list="cart"
                                        aria-label="Kjøp Lomper Buer 10 stk, 260 g"
                                        
                                        
                                        data-tr-location="Popular Products"
                                        >
                                        Kjøp
                                    </button>
                                </div>
                                <div class="in-cart">
                                    <button type="button"
                                        class=" cart-quantity-change position-1"
                                        data-action="add-to-cart"
                                        data-product="11596"
                                        data-quantity="-1"
                                        data-to-list="cart"
                                        aria-label="Fjern 1 Lomper Buer fra handlekurven"
                                        title="Fjern 1 Lomper Buer fra handlekurven"
                                        
                                        
                                        data-tr-location="Popular Products"
                                        >
                                        <svg xmlns="http://www.w3.org/2000/svg" xmlns:xlink="http://www.w3.org/1999/xlink" version="1.1" class="icon icon-minus" y="0" viewBox="0 0 45 45" enable-background="new 0 0 45 45" xml:space="preserve" aria-label="Minus-symbol">
    <rect class="fill" x="0" y="19.6" width="45" height="5.8"/>
</svg>

                                    </button>
                                    <button type="button"
                                        class=" cart-quantity-change position-3"
                                        data-action="add-to-cart"
                                        data-product="11596"
                                        data-quantity="1"
                                        data-to-list="cart"
                                        aria-label="Legg til 1 Lomper Buer i handlekurven"
                                        title="Legg til 1 Lomper Buer i handlekurven"
                                        
                                        
                                        data-tr-location="Popular Products"
                                        >
                                        <svg xmlns="http://www.w3.org/2000/svg" xmlns:xlink="http://www.w3.org/1999/xlink" version="1.1" class="icon icon-plus" x="0" y="0" viewBox="0 0 45 45" enable-background="new 0 0 45 45" xml:space="preserve" aria-label="Pluss-symbol">
    <polygon class="fill" points="45 19.6 25.4 19.6 25.4 0 19.6 0 19.6 19.6 0 19.6 0 25.4 19.6 25.4 19.6 45 25.4 45 25.4 25.4 45 25.4 "/>
</svg>

                                    </button>
                                    <div class="cart-quantity position-2" title="Antall i handlekurven">
                                        
                                    </div>
                                </div>
                            </div>
                        
                    

                </div>

        </div>
    </div>


                    
                        


    <div class="col-xs-6 col-sm-3 col-md-2">
        <div class="product-list-item ">

                


                
                


                
                    <a data-app-open-native href="/produkter/27246-laksefilet-naturell-uten-skinn/" class="modal-link">
                

                    <div>
                        <div class="image-container">
                            
                                <img src="https://bilder.kolonial.no/produkter/49929e9e-a1c7-4dcb-a1b9-fc05fa3527ff.jpg?fill=solid&amp;fill-color=ffffff&amp;fit=fill&amp;h=140&amp;w=140&amp;s=b2bdaedb767ae4a19ed05ac7e75bc79a" alt="Laksefilet Naturell" width="140" height="140" srcset="https://bilder.kolonial.no/produkter/49929e9e-a1c7-4dcb-a1b9-fc05fa3527ff.jpg?fill=solid&amp;fill-color=ffffff&amp;fit=fill&amp;h=140&amp;w=140&amp;s=b2bdaedb767ae4a19ed05ac7e75bc79a 1x, https://bilder.kolonial.no/produkter/49929e9e-a1c7-4dcb-a1b9-fc05fa3527ff.jpg?fill=solid&amp;fill-color=ffffff&amp;fit=fill&amp;h=280&amp;w=280&amp;s=d0b4a9fafc7646cf39639b06b5174212 2x" />
                            

                            
                            

                            <div class="product-classifiers">
                                

                                

                                

                                

                                

                                

                                

                                

                                

                                
                                    
                                        <div class="expiry" title="Vi garanterer 4 dagers holdbarhet på dette produktet">
                                            <p>
                                                4+
                                            </p>
                                        </div>
                                    
                                

                            </div>

                        </div>
                    </div>

                    <p class="price label label-price">
                        kr 97,10
                    </p>

                    
                        <p class="unit-price">
                            kr 194,20 per kg
                        </p>
                    

                    <h3 class="name">
                        <div class="name-main wrap-two-lines">Laksefilet Naturell</div>
                        <div class="name-extra wrap-one-line">
                            

                            Uten Skinn, 500 g
                        </div>
                    </h3>

                    

                        

                    

                
                    </a>
                

                <div class="buttons">

                    
                        
                            <div class="add-to-cart-group" data-product="27246" >
                                <div class="not-in-cart">
                                    <button type="button"
                                        class=" add-to-cart btn btn-sm btn-primary"
                                        data-action="add-to-cart"
                                        data-product="27246"
                                        data-quantity="1"
                                        data-to-list="cart"
                                        aria-label="Kjøp Laksefilet Naturell Uten Skinn, 500 g"
                                        
                                        
                                        data-tr-location="Popular Products"
                                        >
                                        Kjøp
                                    </button>
                                </div>
                                <div class="in-cart">
                                    <button type="button"
                                        class=" cart-quantity-change position-1"
                                        data-action="add-to-cart"
                                        data-product="27246"
                                        data-quantity="-1"
                                        data-to-list="cart"
                                        aria-label="Fjern 1 Laksefilet Naturell fra handlekurven"
                                        title="Fjern 1 Laksefilet Naturell fra handlekurven"
                                        
                                        
                                        data-tr-location="Popular Products"
                                        >
                                        <svg xmlns="http://www.w3.org/2000/svg" xmlns:xlink="http://www.w3.org/1999/xlink" version="1.1" class="icon icon-minus" y="0" viewBox="0 0 45 45" enable-background="new 0 0 45 45" xml:space="preserve" aria-label="Minus-symbol">
    <rect class="fill" x="0" y="19.6" width="45" height="5.8"/>
</svg>

                                    </button>
                                    <button type="button"
                                        class=" cart-quantity-change position-3"
                                        data-action="add-to-cart"
                                        data-product="27246"
                                        data-quantity="1"
                                        data-to-list="cart"
                                        aria-label="Legg til 1 Laksefilet Naturell i handlekurven"
                                        title="Legg til 1 Laksefilet Naturell i handlekurven"
                                        
                                        
                                        data-tr-location="Popular Products"
                                        >
                                        <svg xmlns="http://www.w3.org/2000/svg" xmlns:xlink="http://www.w3.org/1999/xlink" version="1.1" class="icon icon-plus" x="0" y="0" viewBox="0 0 45 45" enable-background="new 0 0 45 45" xml:space="preserve" aria-label="Pluss-symbol">
    <polygon class="fill" points="45 19.6 25.4 19.6 25.4 0 19.6 0 19.6 19.6 0 19.6 0 25.4 19.6 25.4 19.6 45 25.4 45 25.4 25.4 45 25.4 "/>
</svg>

                                    </button>
                                    <div class="cart-quantity position-2" title="Antall i handlekurven">
                                        
                                    </div>
                                </div>
                            </div>
                        
                    

                </div>

        </div>
    </div>


                    
                        


    <div class="col-xs-6 col-sm-3 col-md-2">
        <div class="product-list-item ">

                


                
                


                
                    <a data-app-open-native href="/produkter/161-tine-revet-ost-original/" class="modal-link">
                

                    <div>
                        <div class="image-container">
                            
                                <img src="https://bilder.kolonial.no/produkter/f8534ad9-5ee8-4af2-b7be-4e7b2e2ae7f0.jpeg?fill=solid&amp;fill-color=ffffff&amp;fit=fill&amp;h=140&amp;w=140&amp;s=a54823f0db70e47a2426ee82007ea34f" alt="Revet Ost Original" width="140" height="140" title="Bilde: © Tine / Kolonial.no" srcset="https://bilder.kolonial.no/produkter/f8534ad9-5ee8-4af2-b7be-4e7b2e2ae7f0.jpeg?fill=solid&amp;fill-color=ffffff&amp;fit=fill&amp;h=140&amp;w=140&amp;s=a54823f0db70e47a2426ee82007ea34f 1x, https://bilder.kolonial.no/produkter/f8534ad9-5ee8-4af2-b7be-4e7b2e2ae7f0.jpeg?fill=solid&amp;fill-color=ffffff&amp;fit=fill&amp;h=280&amp;w=280&amp;s=b33ce2b722a8c324894c7d242a88fb98 2x" />
                            

                            
                            

                            <div class="product-classifiers">
                                

                                

                                

                                
                                    <div class="enjoy_norway" title="Produktet er merket Nyt Norge">
                                        <p class="sr-only">
                                            Nyt Norge
                                        </p>
                                    </div>
                                

                                

                                

                                

                                

                                

                                
                                    
                                

                            </div>

                        </div>
                    </div>

                    <p class="price label label-price">
                        kr 48,80
                    </p>

                    
                        <p class="unit-price">
                            kr 162,67 per kg
                        </p>
                    

                    <h3 class="name">
                        <div class="name-main wrap-two-lines">Revet Ost Original</div>
                        <div class="name-extra wrap-one-line">
                            

                            300 g
                        </div>
                    </h3>

                    

                        

                    

                
                    </a>
                

                <div class="buttons">

                    
                        
                            <div class="add-to-cart-group" data-product="161" >
                                <div class="not-in-cart">
                                    <button type="button"
                                        class=" add-to-cart btn btn-sm btn-primary"
                                        data-action="add-to-cart"
                                        data-product="161"
                                        data-quantity="1"
                                        data-to-list="cart"
                                        aria-label="Kjøp Revet Ost Original 300 g"
                                        
                                        
                                        data-tr-location="Popular Products"
                                        >
                                        Kjøp
                                    </button>
                                </div>
                                <div class="in-cart">
                                    <button type="button"
                                        class=" cart-quantity-change position-1"
                                        data-action="add-to-cart"
                                        data-product="161"
                                        data-quantity="-1"
                                        data-to-list="cart"
                                        aria-label="Fjern 1 Revet Ost Original fra handlekurven"
                                        title="Fjern 1 Revet Ost Original fra handlekurven"
                                        
                                        
                                        data-tr-location="Popular Products"
                                        >
                                        <svg xmlns="http://www.w3.org/2000/svg" xmlns:xlink="http://www.w3.org/1999/xlink" version="1.1" class="icon icon-minus" y="0" viewBox="0 0 45 45" enable-background="new 0 0 45 45" xml:space="preserve" aria-label="Minus-symbol">
    <rect class="fill" x="0" y="19.6" width="45" height="5.8"/>
</svg>

                                    </button>
                                    <button type="button"
                                        class=" cart-quantity-change position-3"
                                        data-action="add-to-cart"
                                        data-product="161"
                                        data-quantity="1"
                                        data-to-list="cart"
                                        aria-label="Legg til 1 Revet Ost Original i handlekurven"
                                        title="Legg til 1 Revet Ost Original i handlekurven"
                                        
                                        
                                        data-tr-location="Popular Products"
                                        >
                                        <svg xmlns="http://www.w3.org/2000/svg" xmlns:xlink="http://www.w3.org/1999/xlink" version="1.1" class="icon icon-plus" x="0" y="0" viewBox="0 0 45 45" enable-background="new 0 0 45 45" xml:space="preserve" aria-label="Pluss-symbol">
    <polygon class="fill" points="45 19.6 25.4 19.6 25.4 0 19.6 0 19.6 19.6 0 19.6 0 25.4 19.6 25.4 19.6 45 25.4 45 25.4 25.4 45 25.4 "/>
</svg>

                                    </button>
                                    <div class="cart-quantity position-2" title="Antall i handlekurven">
                                        
                                    </div>
                                </div>
                            </div>
                        
                    

                </div>

        </div>
    </div>


                    
                        


    <div class="col-xs-6 col-sm-3 col-md-2">
        <div class="product-list-item ">

                


                
                


                
                    <a data-app-open-native href="/produkter/27145-brodverket-havrebrod-oppskaret/" class="modal-link">
                

                    <div>
                        <div class="image-container">
                            
                                <img src="https://bilder.kolonial.no/produkter/9e228912-d675-4d49-b82b-46bb9bf078e6.jpg?fill=solid&amp;fill-color=ffffff&amp;fit=fill&amp;h=140&amp;w=140&amp;s=bde481bff331242307040e388508ed8a" alt="Havrebrød" width="140" height="140" title="Bilde: © Brødverket / Kolonial.no" srcset="https://bilder.kolonial.no/produkter/9e228912-d675-4d49-b82b-46bb9bf078e6.jpg?fill=solid&amp;fill-color=ffffff&amp;fit=fill&amp;h=140&amp;w=140&amp;s=bde481bff331242307040e388508ed8a 1x, https://bilder.kolonial.no/produkter/9e228912-d675-4d49-b82b-46bb9bf078e6.jpg?fill=solid&amp;fill-color=ffffff&amp;fit=fill&amp;h=280&amp;w=280&amp;s=03b4506ba949ef416dee65ef67ffdb34 2x" />
                            

                            
                            

                            <div class="product-classifiers">
                                

                                

                                
                                    <div class="keyhole" title="Produktet er merket med Nøkkelhullet">
                                        <p class="sr-only">
                                            Nøkkelhullet
                                        </p>
                                    </div>
                                

                                

                                

                                

                                

                                
                                    <div class="bread-scale-3" title="Produktet er Grovt på Grovhetsskalaen">
                                        <p class="sr-only">
                                            Grovt
                                        </p>
                                    </div>
                                

                                

                                
                                    
                                

                            </div>

                        </div>
                    </div>

                    <p class="price label label-price">
                        kr 40,30
                    </p>

                    
                        <p class="unit-price">
                            kr 52,34 per kg
                        </p>
                    

                    <h3 class="name">
                        <div class="name-main wrap-two-lines">Havrebrød</div>
                        <div class="name-extra wrap-one-line">
                            

                            Oppskåret, 770 g
                        </div>
                    </h3>

                    

                        

                    

                
                    </a>
                

                <div class="buttons">

                    
                        
                            <div class="add-to-cart-group" data-product="27145" >
                                <div class="not-in-cart">
                                    <button type="button"
                                        class=" add-to-cart btn btn-sm btn-primary"
                                        data-action="add-to-cart"
                                        data-product="27145"
                                        data-quantity="1"
                                        data-to-list="cart"
                                        aria-label="Kjøp Havrebrød Oppskåret, 770 g"
                                        
                                        
                                        data-tr-location="Popular Products"
                                        >
                                        Kjøp
                                    </button>
                                </div>
                                <div class="in-cart">
                                    <button type="button"
                                        class=" cart-quantity-change position-1"
                                        data-action="add-to-cart"
                                        data-product="27145"
                                        data-quantity="-1"
                                        data-to-list="cart"
                                        aria-label="Fjern 1 Havrebrød fra handlekurven"
                                        title="Fjern 1 Havrebrød fra handlekurven"
                                        
                                        
                                        data-tr-location="Popular Products"
                                        >
                                        <svg xmlns="http://www.w3.org/2000/svg" xmlns:xlink="http://www.w3.org/1999/xlink" version="1.1" class="icon icon-minus" y="0" viewBox="0 0 45 45" enable-background="new 0 0 45 45" xml:space="preserve" aria-label="Minus-symbol">
    <rect class="fill" x="0" y="19.6" width="45" height="5.8"/>
</svg>

                                    </button>
                                    <button type="button"
                                        class=" cart-quantity-change position-3"
                                        data-action="add-to-cart"
                                        data-product="27145"
                                        data-quantity="1"
                                        data-to-list="cart"
                                        aria-label="Legg til 1 Havrebrød i handlekurven"
                                        title="Legg til 1 Havrebrød i handlekurven"
                                        
                                        
                                        data-tr-location="Popular Products"
                                        >
                                        <svg xmlns="http://www.w3.org/2000/svg" xmlns:xlink="http://www.w3.org/1999/xlink" version="1.1" class="icon icon-plus" x="0" y="0" viewBox="0 0 45 45" enable-background="new 0 0 45 45" xml:space="preserve" aria-label="Pluss-symbol">
    <polygon class="fill" points="45 19.6 25.4 19.6 25.4 0 19.6 0 19.6 19.6 0 19.6 0 25.4 19.6 25.4 19.6 45 25.4 45 25.4 25.4 45 25.4 "/>
</svg>

                                    </button>
                                    <div class="cart-quantity position-2" title="Antall i handlekurven">
                                        
                                    </div>
                                </div>
                            </div>
                        
                    

                </div>

        </div>
    </div>


                    
                        


    <div class="col-xs-6 col-sm-3 col-md-2">
        <div class="product-list-item ">

                


                
                


                
                    <a data-app-open-native href="/produkter/9212-gulrotter-2-sortering-norge/" class="modal-link">
                

                    <div>
                        <div class="image-container">
                            
                                <img src="https://bilder.kolonial.no/produkter/a9e84063-40ce-444f-83c8-7b171f87981c.jpg?fill=solid&amp;fill-color=ffffff&amp;fit=fill&amp;h=140&amp;w=140&amp;s=f8bfc5d2129965bb80aae15c1f727c88" alt="Gulrøtter 2. Sortering" width="140" height="140" srcset="https://bilder.kolonial.no/produkter/a9e84063-40ce-444f-83c8-7b171f87981c.jpg?fill=solid&amp;fill-color=ffffff&amp;fit=fill&amp;h=140&amp;w=140&amp;s=f8bfc5d2129965bb80aae15c1f727c88 1x, https://bilder.kolonial.no/produkter/a9e84063-40ce-444f-83c8-7b171f87981c.jpg?fill=solid&amp;fill-color=ffffff&amp;fit=fill&amp;h=280&amp;w=280&amp;s=a5f5d676f7e34ada79f50fe595e54ebc 2x" />
                            

                            
                            

                            <div class="product-classifiers">
                                

                                

                                

                                

                                

                                

                                

                                

                                

                                
                                    
                                

                            </div>

                        </div>
                    </div>

                    <p class="price label label-price">
                        kr 19,80
                    </p>

                    
                        <p class="unit-price">
                            kr 19,80 per kg
                        </p>
                    

                    <h3 class="name">
                        <div class="name-main wrap-two-lines">Gulrøtter 2. Sortering</div>
                        <div class="name-extra wrap-one-line">
                            

                            Norge, 1 kg
                        </div>
                    </h3>

                    

                        

                    

                
                    </a>
                

                <div class="buttons">

                    
                        
                            <div class="add-to-cart-group" data-product="9212" >
                                <div class="not-in-cart">
                                    <button type="button"
                                        class=" add-to-cart btn btn-sm btn-primary"
                                        data-action="add-to-cart"
                                        data-product="9212"
                                        data-quantity="1"
                                        data-to-list="cart"
                                        aria-label="Kjøp Gulrøtter 2. Sortering Norge, 1 kg"
                                        
                                        
                                        data-tr-location="Popular Products"
                                        >
                                        Kjøp
                                    </button>
                                </div>
                                <div class="in-cart">
                                    <button type="button"
                                        class=" cart-quantity-change position-1"
                                        data-action="add-to-cart"
                                        data-product="9212"
                                        data-quantity="-1"
                                        data-to-list="cart"
                                        aria-label="Fjern 1 Gulrøtter 2. Sortering fra handlekurven"
                                        title="Fjern 1 Gulrøtter 2. Sortering fra handlekurven"
                                        
                                        
                                        data-tr-location="Popular Products"
                                        >
                                        <svg xmlns="http://www.w3.org/2000/svg" xmlns:xlink="http://www.w3.org/1999/xlink" version="1.1" class="icon icon-minus" y="0" viewBox="0 0 45 45" enable-background="new 0 0 45 45" xml:space="preserve" aria-label="Minus-symbol">
    <rect class="fill" x="0" y="19.6" width="45" height="5.8"/>
</svg>

                                    </button>
                                    <button type="button"
                                        class=" cart-quantity-change position-3"
                                        data-action="add-to-cart"
                                        data-product="9212"
                                        data-quantity="1"
                                        data-to-list="cart"
                                        aria-label="Legg til 1 Gulrøtter 2. Sortering i handlekurven"
                                        title="Legg til 1 Gulrøtter 2. Sortering i handlekurven"
                                        
                                        
                                        data-tr-location="Popular Products"
                                        >
                                        <svg xmlns="http://www.w3.org/2000/svg" xmlns:xlink="http://www.w3.org/1999/xlink" version="1.1" class="icon icon-plus" x="0" y="0" viewBox="0 0 45 45" enable-background="new 0 0 45 45" xml:space="preserve" aria-label="Pluss-symbol">
    <polygon class="fill" points="45 19.6 25.4 19.6 25.4 0 19.6 0 19.6 19.6 0 19.6 0 25.4 19.6 25.4 19.6 45 25.4 45 25.4 25.4 45 25.4 "/>
</svg>

                                    </button>
                                    <div class="cart-quantity position-2" title="Antall i handlekurven">
                                        
                                    </div>
                                </div>
                            </div>
                        
                    

                </div>

        </div>
    </div>


                    
                        


    <div class="col-xs-6 col-sm-3 col-md-2">
        <div class="product-list-item ">

                


                
                


                
                    <a data-app-open-native href="/produkter/221-tine-matflote-18/" class="modal-link">
                

                    <div>
                        <div class="image-container">
                            
                                <img src="https://bilder.kolonial.no/produkter/b7f8fbbc-5172-44e5-ba22-34207970d952.jpeg?fill=solid&amp;fill-color=ffffff&amp;fit=fill&amp;h=140&amp;w=140&amp;s=4e3c30e62368bee258b3f4ffc3aa73d5" alt="Matfløte" width="140" height="140" title="Bilde: © Tine / Kolonial.no" srcset="https://bilder.kolonial.no/produkter/b7f8fbbc-5172-44e5-ba22-34207970d952.jpeg?fill=solid&amp;fill-color=ffffff&amp;fit=fill&amp;h=140&amp;w=140&amp;s=4e3c30e62368bee258b3f4ffc3aa73d5 1x, https://bilder.kolonial.no/produkter/b7f8fbbc-5172-44e5-ba22-34207970d952.jpeg?fill=solid&amp;fill-color=ffffff&amp;fit=fill&amp;h=280&amp;w=280&amp;s=b32ce40252df51447d4a60f8c6112f12 2x" />
                            

                            
                            

                            <div class="product-classifiers">
                                

                                

                                

                                
                                    <div class="enjoy_norway" title="Produktet er merket Nyt Norge">
                                        <p class="sr-only">
                                            Nyt Norge
                                        </p>
                                    </div>
                                

                                

                                

                                

                                

                                

                                
                                    
                                

                            </div>

                        </div>
                    </div>

                    <p class="price label label-price">
                        kr 14,80
                    </p>

                    
                        <p class="unit-price">
                            kr 49,33 per l
                        </p>
                    

                    <h3 class="name">
                        <div class="name-main wrap-two-lines">Matfløte</div>
                        <div class="name-extra wrap-one-line">
                            

                            18%, 0,3 l
                        </div>
                    </h3>

                    

                        

                    

                
                    </a>
                

                <div class="buttons">

                    
                        
                            <div class="add-to-cart-group" data-product="221" >
                                <div class="not-in-cart">
                                    <button type="button"
                                        class=" add-to-cart btn btn-sm btn-primary"
                                        data-action="add-to-cart"
                                        data-product="221"
                                        data-quantity="1"
                                        data-to-list="cart"
                                        aria-label="Kjøp Matfløte 18%, 0,3 l"
                                        
                                        
                                        data-tr-location="Popular Products"
                                        >
                                        Kjøp
                                    </button>
                                </div>
                                <div class="in-cart">
                                    <button type="button"
                                        class=" cart-quantity-change position-1"
                                        data-action="add-to-cart"
                                        data-product="221"
                                        data-quantity="-1"
                                        data-to-list="cart"
                                        aria-label="Fjern 1 Matfløte fra handlekurven"
                                        title="Fjern 1 Matfløte fra handlekurven"
                                        
                                        
                                        data-tr-location="Popular Products"
                                        >
                                        <svg xmlns="http://www.w3.org/2000/svg" xmlns:xlink="http://www.w3.org/1999/xlink" version="1.1" class="icon icon-minus" y="0" viewBox="0 0 45 45" enable-background="new 0 0 45 45" xml:space="preserve" aria-label="Minus-symbol">
    <rect class="fill" x="0" y="19.6" width="45" height="5.8"/>
</svg>

                                    </button>
                                    <button type="button"
                                        class=" cart-quantity-change position-3"
                                        data-action="add-to-cart"
                                        data-product="221"
                                        data-quantity="1"
                                        data-to-list="cart"
                                        aria-label="Legg til 1 Matfløte i handlekurven"
                                        title="Legg til 1 Matfløte i handlekurven"
                                        
                                        
                                        data-tr-location="Popular Products"
                                        >
                                        <svg xmlns="http://www.w3.org/2000/svg" xmlns:xlink="http://www.w3.org/1999/xlink" version="1.1" class="icon icon-plus" x="0" y="0" viewBox="0 0 45 45" enable-background="new 0 0 45 45" xml:space="preserve" aria-label="Pluss-symbol">
    <polygon class="fill" points="45 19.6 25.4 19.6 25.4 0 19.6 0 19.6 19.6 0 19.6 0 25.4 19.6 25.4 19.6 45 25.4 45 25.4 25.4 45 25.4 "/>
</svg>

                                    </button>
                                    <div class="cart-quantity position-2" title="Antall i handlekurven">
                                        
                                    </div>
                                </div>
                            </div>
                        
                    

                </div>

        </div>
    </div>


                    
                        


    <div class="col-xs-6 col-sm-3 col-md-2">
        <div class="product-list-item ">

                


                
                


                
                    <a data-app-open-native href="/produkter/9371-hvitlok-2-3pk-kina/" class="modal-link">
                

                    <div>
                        <div class="image-container">
                            
                                <img src="https://bilder.kolonial.no/produkter/2213cdb4-ed1b-4278-bfb9-63328f10889e.jpg?fill=solid&amp;fill-color=ffffff&amp;fit=fill&amp;h=140&amp;w=140&amp;s=6c8b698853e80f5bd88f93a8986bc285" alt="Hvitløk" width="140" height="140" srcset="https://bilder.kolonial.no/produkter/2213cdb4-ed1b-4278-bfb9-63328f10889e.jpg?fill=solid&amp;fill-color=ffffff&amp;fit=fill&amp;h=140&amp;w=140&amp;s=6c8b698853e80f5bd88f93a8986bc285 1x, https://bilder.kolonial.no/produkter/2213cdb4-ed1b-4278-bfb9-63328f10889e.jpg?fill=solid&amp;fill-color=ffffff&amp;fit=fill&amp;h=280&amp;w=280&amp;s=2b7d6f5646c21fc64a00f395f6fbb9d8 2x" />
                            

                            
                            

                            <div class="product-classifiers">
                                

                                

                                

                                

                                

                                

                                

                                

                                

                                
                                    
                                

                            </div>

                        </div>
                    </div>

                    <p class="price label label-price">
                        kr 14,40
                    </p>

                    
                        <p class="unit-price">
                            kr 144,00 per kg
                        </p>
                    

                    <h3 class="name">
                        <div class="name-main wrap-two-lines">Hvitløk</div>
                        <div class="name-extra wrap-one-line">
                            

                            2-3pk, Kina, 100 g
                        </div>
                    </h3>

                    

                        

                    

                
                    </a>
                

                <div class="buttons">

                    
                        
                            <div class="add-to-cart-group" data-product="9371" >
                                <div class="not-in-cart">
                                    <button type="button"
                                        class=" add-to-cart btn btn-sm btn-primary"
                                        data-action="add-to-cart"
                                        data-product="9371"
                                        data-quantity="1"
                                        data-to-list="cart"
                                        aria-label="Kjøp Hvitløk 2-3pk, Kina, 100 g"
                                        
                                        
                                        data-tr-location="Popular Products"
                                        >
                                        Kjøp
                                    </button>
                                </div>
                                <div class="in-cart">
                                    <button type="button"
                                        class=" cart-quantity-change position-1"
                                        data-action="add-to-cart"
                                        data-product="9371"
                                        data-quantity="-1"
                                        data-to-list="cart"
                                        aria-label="Fjern 1 Hvitløk fra handlekurven"
                                        title="Fjern 1 Hvitløk fra handlekurven"
                                        
                                        
                                        data-tr-location="Popular Products"
                                        >
                                        <svg xmlns="http://www.w3.org/2000/svg" xmlns:xlink="http://www.w3.org/1999/xlink" version="1.1" class="icon icon-minus" y="0" viewBox="0 0 45 45" enable-background="new 0 0 45 45" xml:space="preserve" aria-label="Minus-symbol">
    <rect class="fill" x="0" y="19.6" width="45" height="5.8"/>
</svg>

                                    </button>
                                    <button type="button"
                                        class=" cart-quantity-change position-3"
                                        data-action="add-to-cart"
                                        data-product="9371"
                                        data-quantity="1"
                                        data-to-list="cart"
                                        aria-label="Legg til 1 Hvitløk i handlekurven"
                                        title="Legg til 1 Hvitløk i handlekurven"
                                        
                                        
                                        data-tr-location="Popular Products"
                                        >
                                        <svg xmlns="http://www.w3.org/2000/svg" xmlns:xlink="http://www.w3.org/1999/xlink" version="1.1" class="icon icon-plus" x="0" y="0" viewBox="0 0 45 45" enable-background="new 0 0 45 45" xml:space="preserve" aria-label="Pluss-symbol">
    <polygon class="fill" points="45 19.6 25.4 19.6 25.4 0 19.6 0 19.6 19.6 0 19.6 0 25.4 19.6 25.4 19.6 45 25.4 45 25.4 25.4 45 25.4 "/>
</svg>

                                    </button>
                                    <div class="cart-quantity position-2" title="Antall i handlekurven">
                                        
                                    </div>
                                </div>
                            </div>
                        
                    

                </div>

        </div>
    </div>


                    
                        


    <div class="col-xs-6 col-sm-3 col-md-2">
        <div class="product-list-item ">

                


                
                


                
                    <a data-app-open-native href="/produkter/7135-old-el-paso-tortillas-8-stk-medium-ca-20-cm/" class="modal-link">
                

                    <div>
                        <div class="image-container">
                            
                                <img src="https://bilder.kolonial.no/produkter/55040a10-107d-49f9-b37d-fb784f73578a.jpg?fill=solid&amp;fill-color=ffffff&amp;fit=fill&amp;h=140&amp;w=140&amp;s=25662cd75828b3c38e19247e9d515993" alt="Tortillas" width="140" height="140" title="Bilde: © Old El Paso / Kolonial.no" srcset="https://bilder.kolonial.no/produkter/55040a10-107d-49f9-b37d-fb784f73578a.jpg?fill=solid&amp;fill-color=ffffff&amp;fit=fill&amp;h=140&amp;w=140&amp;s=25662cd75828b3c38e19247e9d515993 1x, https://bilder.kolonial.no/produkter/55040a10-107d-49f9-b37d-fb784f73578a.jpg?fill=solid&amp;fill-color=ffffff&amp;fit=fill&amp;h=280&amp;w=280&amp;s=80b232f12cfd36e653ceb87771f7fde3 2x" />
                            

                            
                            

                            <div class="product-classifiers">
                                

                                

                                

                                

                                

                                

                                

                                

                                

                                
                                    
                                

                            </div>

                        </div>
                    </div>

                    <p class="price label label-price">
                        kr 20,80
                    </p>

                    
                        <p class="unit-price">
                            kr 63,80 per kg
                        </p>
                    

                    <h3 class="name">
                        <div class="name-main wrap-two-lines">Tortillas</div>
                        <div class="name-extra wrap-one-line">
                            

                            8 stk Medium ca 20 cm
                        </div>
                    </h3>

                    

                        

                    

                
                    </a>
                

                <div class="buttons">

                    
                        
                            <div class="add-to-cart-group" data-product="7135" >
                                <div class="not-in-cart">
                                    <button type="button"
                                        class=" add-to-cart btn btn-sm btn-primary"
                                        data-action="add-to-cart"
                                        data-product="7135"
                                        data-quantity="1"
                                        data-to-list="cart"
                                        aria-label="Kjøp Tortillas 8 stk Medium ca 20 cm"
                                        
                                        
                                        data-tr-location="Popular Products"
                                        >
                                        Kjøp
                                    </button>
                                </div>
                                <div class="in-cart">
                                    <button type="button"
                                        class=" cart-quantity-change position-1"
                                        data-action="add-to-cart"
                                        data-product="7135"
                                        data-quantity="-1"
                                        data-to-list="cart"
                                        aria-label="Fjern 1 Tortillas fra handlekurven"
                                        title="Fjern 1 Tortillas fra handlekurven"
                                        
                                        
                                        data-tr-location="Popular Products"
                                        >
                                        <svg xmlns="http://www.w3.org/2000/svg" xmlns:xlink="http://www.w3.org/1999/xlink" version="1.1" class="icon icon-minus" y="0" viewBox="0 0 45 45" enable-background="new 0 0 45 45" xml:space="preserve" aria-label="Minus-symbol">
    <rect class="fill" x="0" y="19.6" width="45" height="5.8"/>
</svg>

                                    </button>
                                    <button type="button"
                                        class=" cart-quantity-change position-3"
                                        data-action="add-to-cart"
                                        data-product="7135"
                                        data-quantity="1"
                                        data-to-list="cart"
                                        aria-label="Legg til 1 Tortillas i handlekurven"
                                        title="Legg til 1 Tortillas i handlekurven"
                                        
                                        
                                        data-tr-location="Popular Products"
                                        >
                                        <svg xmlns="http://www.w3.org/2000/svg" xmlns:xlink="http://www.w3.org/1999/xlink" version="1.1" class="icon icon-plus" x="0" y="0" viewBox="0 0 45 45" enable-background="new 0 0 45 45" xml:space="preserve" aria-label="Pluss-symbol">
    <polygon class="fill" points="45 19.6 25.4 19.6 25.4 0 19.6 0 19.6 19.6 0 19.6 0 25.4 19.6 25.4 19.6 45 25.4 45 25.4 25.4 45 25.4 "/>
</svg>

                                    </button>
                                    <div class="cart-quantity position-2" title="Antall i handlekurven">
                                        
                                    </div>
                                </div>
                            </div>
                        
                    

                </div>

        </div>
    </div>


                    
                        


    <div class="col-xs-6 col-sm-3 col-md-2">
        <div class="product-list-item ">

                


                
                


                
                    <a data-app-open-native href="/produkter/27626-paprika-rod-holland/" class="modal-link">
                

                    <div>
                        <div class="image-container">
                            
                                <img src="https://bilder.kolonial.no/produkter/16fea8c9-7c64-43aa-86a6-d28e908ee9af.jpg?fill=solid&amp;fill-color=ffffff&amp;fit=fill&amp;h=140&amp;w=140&amp;s=f2c11acc1b6b9a4da1e79b7d9c0a9520" alt="Paprika Rød" width="140" height="140" srcset="https://bilder.kolonial.no/produkter/16fea8c9-7c64-43aa-86a6-d28e908ee9af.jpg?fill=solid&amp;fill-color=ffffff&amp;fit=fill&amp;h=140&amp;w=140&amp;s=f2c11acc1b6b9a4da1e79b7d9c0a9520 1x, https://bilder.kolonial.no/produkter/16fea8c9-7c64-43aa-86a6-d28e908ee9af.jpg?fill=solid&amp;fill-color=ffffff&amp;fit=fill&amp;h=280&amp;w=280&amp;s=9f577d706a69877c027ab1c8e81fc721 2x" />
                            

                            
                            

                            <div class="product-classifiers">
                                

                                

                                

                                

                                

                                

                                

                                

                                

                                
                                    
                                

                            </div>

                        </div>
                    </div>

                    <p class="price label label-price">
                        kr 33,60
                    </p>

                    
                        <p class="unit-price">
                            kr 67,20 per kg
                        </p>
                    

                    <h3 class="name">
                        <div class="name-main wrap-two-lines">Paprika Rød</div>
                        <div class="name-extra wrap-one-line">
                            

                            Holland, 2 stk
                        </div>
                    </h3>

                    

                        

                    

                
                    </a>
                

                <div class="buttons">

                    
                        
                            <div class="add-to-cart-group" data-product="27626" >
                                <div class="not-in-cart">
                                    <button type="button"
                                        class=" add-to-cart btn btn-sm btn-primary"
                                        data-action="add-to-cart"
                                        data-product="27626"
                                        data-quantity="1"
                                        data-to-list="cart"
                                        aria-label="Kjøp Paprika Rød Holland, 2 stk"
                                        
                                        
                                        data-tr-location="Popular Products"
                                        >
                                        Kjøp
                                    </button>
                                </div>
                                <div class="in-cart">
                                    <button type="button"
                                        class=" cart-quantity-change position-1"
                                        data-action="add-to-cart"
                                        data-product="27626"
                                        data-quantity="-1"
                                        data-to-list="cart"
                                        aria-label="Fjern 1 Paprika Rød fra handlekurven"
                                        title="Fjern 1 Paprika Rød fra handlekurven"
                                        
                                        
                                        data-tr-location="Popular Products"
                                        >
                                        <svg xmlns="http://www.w3.org/2000/svg" xmlns:xlink="http://www.w3.org/1999/xlink" version="1.1" class="icon icon-minus" y="0" viewBox="0 0 45 45" enable-background="new 0 0 45 45" xml:space="preserve" aria-label="Minus-symbol">
    <rect class="fill" x="0" y="19.6" width="45" height="5.8"/>
</svg>

                                    </button>
                                    <button type="button"
                                        class=" cart-quantity-change position-3"
                                        data-action="add-to-cart"
                                        data-product="27626"
                                        data-quantity="1"
                                        data-to-list="cart"
                                        aria-label="Legg til 1 Paprika Rød i handlekurven"
                                        title="Legg til 1 Paprika Rød i handlekurven"
                                        
                                        
                                        data-tr-location="Popular Products"
                                        >
                                        <svg xmlns="http://www.w3.org/2000/svg" xmlns:xlink="http://www.w3.org/1999/xlink" version="1.1" class="icon icon-plus" x="0" y="0" viewBox="0 0 45 45" enable-background="new 0 0 45 45" xml:space="preserve" aria-label="Pluss-symbol">
    <polygon class="fill" points="45 19.6 25.4 19.6 25.4 0 19.6 0 19.6 19.6 0 19.6 0 25.4 19.6 25.4 19.6 45 25.4 45 25.4 25.4 45 25.4 "/>
</svg>

                                    </button>
                                    <div class="cart-quantity position-2" title="Antall i handlekurven">
                                        
                                    </div>
                                </div>
                            </div>
                        
                    

                </div>

        </div>
    </div>


                    
                        


    <div class="col-xs-6 col-sm-3 col-md-2">
        <div class="product-list-item ">

                


                
                


                
                    <a data-app-open-native href="/produkter/446-tine-tinemelk-lett-05/" class="modal-link">
                

                    <div>
                        <div class="image-container">
                            
                                <img src="https://bilder.kolonial.no/produkter/17b1ddf8-fb15-412b-b86d-935c7af873a5.jpeg?fill=solid&amp;fill-color=ffffff&amp;fit=fill&amp;h=140&amp;w=140&amp;s=3be7ecd9f1a8ec2213531c6277b8264a" alt="TineMelk Lett" width="140" height="140" title="Bilde: © Tine / Kolonial.no" srcset="https://bilder.kolonial.no/produkter/17b1ddf8-fb15-412b-b86d-935c7af873a5.jpeg?fill=solid&amp;fill-color=ffffff&amp;fit=fill&amp;h=140&amp;w=140&amp;s=3be7ecd9f1a8ec2213531c6277b8264a 1x, https://bilder.kolonial.no/produkter/17b1ddf8-fb15-412b-b86d-935c7af873a5.jpeg?fill=solid&amp;fill-color=ffffff&amp;fit=fill&amp;h=280&amp;w=280&amp;s=63bda589d63f80e19c01b7bc2a34c3f5 2x" />
                            

                            
                            

                            <div class="product-classifiers">
                                

                                

                                
                                    <div class="keyhole" title="Produktet er merket med Nøkkelhullet">
                                        <p class="sr-only">
                                            Nøkkelhullet
                                        </p>
                                    </div>
                                

                                
                                    <div class="enjoy_norway" title="Produktet er merket Nyt Norge">
                                        <p class="sr-only">
                                            Nyt Norge
                                        </p>
                                    </div>
                                

                                

                                

                                

                                

                                

                                
                                    
                                        <div class="expiry" title="Vi garanterer 5 dagers holdbarhet på dette produktet">
                                            <p>
                                                5+
                                            </p>
                                        </div>
                                    
                                

                            </div>

                        </div>
                    </div>

                    <p class="price label label-price">
                        kr 16,90
                    </p>

                    
                        <p class="unit-price">
                            kr 16,90 per l
                        </p>
                    

                    <h3 class="name">
                        <div class="name-main wrap-two-lines">TineMelk Lett</div>
                        <div class="name-extra wrap-one-line">
                            

                            0,5%, 1 l
                        </div>
                    </h3>

                    

                        

                    

                
                    </a>
                

                <div class="buttons">

                    
                        
                            <div class="add-to-cart-group" data-product="446" >
                                <div class="not-in-cart">
                                    <button type="button"
                                        class=" add-to-cart btn btn-sm btn-primary"
                                        data-action="add-to-cart"
                                        data-product="446"
                                        data-quantity="1"
                                        data-to-list="cart"
                                        aria-label="Kjøp TineMelk Lett 0,5%, 1 l"
                                        
                                        
                                        data-tr-location="Popular Products"
                                        >
                                        Kjøp
                                    </button>
                                </div>
                                <div class="in-cart">
                                    <button type="button"
                                        class=" cart-quantity-change position-1"
                                        data-action="add-to-cart"
                                        data-product="446"
                                        data-quantity="-1"
                                        data-to-list="cart"
                                        aria-label="Fjern 1 TineMelk Lett fra handlekurven"
                                        title="Fjern 1 TineMelk Lett fra handlekurven"
                                        
                                        
                                        data-tr-location="Popular Products"
                                        >
                                        <svg xmlns="http://www.w3.org/2000/svg" xmlns:xlink="http://www.w3.org/1999/xlink" version="1.1" class="icon icon-minus" y="0" viewBox="0 0 45 45" enable-background="new 0 0 45 45" xml:space="preserve" aria-label="Minus-symbol">
    <rect class="fill" x="0" y="19.6" width="45" height="5.8"/>
</svg>

                                    </button>
                                    <button type="button"
                                        class=" cart-quantity-change position-3"
                                        data-action="add-to-cart"
                                        data-product="446"
                                        data-quantity="1"
                                        data-to-list="cart"
                                        aria-label="Legg til 1 TineMelk Lett i handlekurven"
                                        title="Legg til 1 TineMelk Lett i handlekurven"
                                        
                                        
                                        data-tr-location="Popular Products"
                                        >
                                        <svg xmlns="http://www.w3.org/2000/svg" xmlns:xlink="http://www.w3.org/1999/xlink" version="1.1" class="icon icon-plus" x="0" y="0" viewBox="0 0 45 45" enable-background="new 0 0 45 45" xml:space="preserve" aria-label="Pluss-symbol">
    <polygon class="fill" points="45 19.6 25.4 19.6 25.4 0 19.6 0 19.6 19.6 0 19.6 0 25.4 19.6 25.4 19.6 45 25.4 45 25.4 25.4 45 25.4 "/>
</svg>

                                    </button>
                                    <div class="cart-quantity position-2" title="Antall i handlekurven">
                                        
                                    </div>
                                </div>
                            </div>
                        
                    

                </div>

        </div>
    </div>


                    
                        


    <div class="col-xs-6 col-sm-3 col-md-2">
        <div class="product-list-item ">

                


                
                


                
                    <a data-app-open-native href="/produkter/9269-blabaer-i-kurv-spania-portugal/" class="modal-link">
                

                    <div>
                        <div class="image-container">
                            
                                <img src="https://bilder.kolonial.no/produkter/633e8248-89a3-44e1-8882-9c142f30e7c2.jpeg?fill=solid&amp;fill-color=ffffff&amp;fit=fill&amp;h=140&amp;w=140&amp;s=59f1712642bf5e6f6dacd945224de192" alt="Blåbær i kurv" width="140" height="140" srcset="https://bilder.kolonial.no/produkter/633e8248-89a3-44e1-8882-9c142f30e7c2.jpeg?fill=solid&amp;fill-color=ffffff&amp;fit=fill&amp;h=140&amp;w=140&amp;s=59f1712642bf5e6f6dacd945224de192 1x, https://bilder.kolonial.no/produkter/633e8248-89a3-44e1-8882-9c142f30e7c2.jpeg?fill=solid&amp;fill-color=ffffff&amp;fit=fill&amp;h=280&amp;w=280&amp;s=00fa4b677c4853cd85b39bd2ca05c2c6 2x" />
                            

                            
                            

                            <div class="product-classifiers">
                                

                                

                                

                                

                                

                                

                                

                                

                                

                                
                                    
                                

                            </div>

                        </div>
                    </div>

                    <p class="price label label-price">
                        kr 27,80
                    </p>

                    
                        <p class="unit-price">
                            kr 222,40 per kg
                        </p>
                    

                    <h3 class="name">
                        <div class="name-main wrap-two-lines">Blåbær i kurv</div>
                        <div class="name-extra wrap-one-line">
                            

                            Spania/Portugal, 125 g
                        </div>
                    </h3>

                    

                        

                    

                
                    </a>
                

                <div class="buttons">

                    
                        
                            <div class="add-to-cart-group" data-product="9269" >
                                <div class="not-in-cart">
                                    <button type="button"
                                        class=" add-to-cart btn btn-sm btn-primary"
                                        data-action="add-to-cart"
                                        data-product="9269"
                                        data-quantity="1"
                                        data-to-list="cart"
                                        aria-label="Kjøp Blåbær i kurv Spania/Portugal, 125 g"
                                        
                                        
                                        data-tr-location="Popular Products"
                                        >
                                        Kjøp
                                    </button>
                                </div>
                                <div class="in-cart">
                                    <button type="button"
                                        class=" cart-quantity-change position-1"
                                        data-action="add-to-cart"
                                        data-product="9269"
                                        data-quantity="-1"
                                        data-to-list="cart"
                                        aria-label="Fjern 1 Blåbær i kurv fra handlekurven"
                                        title="Fjern 1 Blåbær i kurv fra handlekurven"
                                        
                                        
                                        data-tr-location="Popular Products"
                                        >
                                        <svg xmlns="http://www.w3.org/2000/svg" xmlns:xlink="http://www.w3.org/1999/xlink" version="1.1" class="icon icon-minus" y="0" viewBox="0 0 45 45" enable-background="new 0 0 45 45" xml:space="preserve" aria-label="Minus-symbol">
    <rect class="fill" x="0" y="19.6" width="45" height="5.8"/>
</svg>

                                    </button>
                                    <button type="button"
                                        class=" cart-quantity-change position-3"
                                        data-action="add-to-cart"
                                        data-product="9269"
                                        data-quantity="1"
                                        data-to-list="cart"
                                        aria-label="Legg til 1 Blåbær i kurv i handlekurven"
                                        title="Legg til 1 Blåbær i kurv i handlekurven"
                                        
                                        
                                        data-tr-location="Popular Products"
                                        >
                                        <svg xmlns="http://www.w3.org/2000/svg" xmlns:xlink="http://www.w3.org/1999/xlink" version="1.1" class="icon icon-plus" x="0" y="0" viewBox="0 0 45 45" enable-background="new 0 0 45 45" xml:space="preserve" aria-label="Pluss-symbol">
    <polygon class="fill" points="45 19.6 25.4 19.6 25.4 0 19.6 0 19.6 19.6 0 19.6 0 25.4 19.6 25.4 19.6 45 25.4 45 25.4 25.4 45 25.4 "/>
</svg>

                                    </button>
                                    <div class="cart-quantity position-2" title="Antall i handlekurven">
                                        
                                    </div>
                                </div>
                            </div>
                        
                    

                </div>

        </div>
    </div>


                    
                        


    <div class="col-xs-6 col-sm-3 col-md-2">
        <div class="product-list-item ">

                


                
                


                
                    <a data-app-open-native href="/produkter/8360-lambi-torkerull-lambi/" class="modal-link">
                

                    <div>
                        <div class="image-container">
                            
                                <img src="https://bilder.kolonial.no/produkter/ca8c7d7a-48de-4da9-bcba-c61a73166af9.jpeg?fill=solid&amp;fill-color=ffffff&amp;fit=fill&amp;h=140&amp;w=140&amp;s=f3279f6edc097290006229527c334c69" alt="Tørkerull Lambi" width="140" height="140" title="Bilde: © Lambi / Kolonial.no" srcset="https://bilder.kolonial.no/produkter/ca8c7d7a-48de-4da9-bcba-c61a73166af9.jpeg?fill=solid&amp;fill-color=ffffff&amp;fit=fill&amp;h=140&amp;w=140&amp;s=f3279f6edc097290006229527c334c69 1x, https://bilder.kolonial.no/produkter/ca8c7d7a-48de-4da9-bcba-c61a73166af9.jpeg?fill=solid&amp;fill-color=ffffff&amp;fit=fill&amp;h=280&amp;w=280&amp;s=677acf5ce545e6c3c28c95d60043b186 2x" />
                            

                            
                            

                            <div class="product-classifiers">
                                

                                

                                

                                

                                

                                
                                    <div class="svanen" title="Produktet er Svanemerket">
                                        <p class="sr-only">
                                            Svanemerket
                                        </p>
                                    </div>
                                

                                

                                

                                

                                
                                    
                                

                            </div>

                        </div>
                    </div>

                    <p class="price label label-price">
                        kr 42,30
                    </p>

                    
                        <p class="unit-price">
                            kr 0,81 per m
                        </p>
                    

                    <h3 class="name">
                        <div class="name-main wrap-two-lines">Tørkerull Lambi</div>
                        <div class="name-extra wrap-one-line">
                            

                            4 stk
                        </div>
                    </h3>

                    

                        

                    

                
                    </a>
                

                <div class="buttons">

                    
                        
                            <div class="add-to-cart-group" data-product="8360" >
                                <div class="not-in-cart">
                                    <button type="button"
                                        class=" add-to-cart btn btn-sm btn-primary"
                                        data-action="add-to-cart"
                                        data-product="8360"
                                        data-quantity="1"
                                        data-to-list="cart"
                                        aria-label="Kjøp Tørkerull Lambi 4 stk"
                                        
                                        
                                        data-tr-location="Popular Products"
                                        >
                                        Kjøp
                                    </button>
                                </div>
                                <div class="in-cart">
                                    <button type="button"
                                        class=" cart-quantity-change position-1"
                                        data-action="add-to-cart"
                                        data-product="8360"
                                        data-quantity="-1"
                                        data-to-list="cart"
                                        aria-label="Fjern 1 Tørkerull Lambi fra handlekurven"
                                        title="Fjern 1 Tørkerull Lambi fra handlekurven"
                                        
                                        
                                        data-tr-location="Popular Products"
                                        >
                                        <svg xmlns="http://www.w3.org/2000/svg" xmlns:xlink="http://www.w3.org/1999/xlink" version="1.1" class="icon icon-minus" y="0" viewBox="0 0 45 45" enable-background="new 0 0 45 45" xml:space="preserve" aria-label="Minus-symbol">
    <rect class="fill" x="0" y="19.6" width="45" height="5.8"/>
</svg>

                                    </button>
                                    <button type="button"
                                        class=" cart-quantity-change position-3"
                                        data-action="add-to-cart"
                                        data-product="8360"
                                        data-quantity="1"
                                        data-to-list="cart"
                                        aria-label="Legg til 1 Tørkerull Lambi i handlekurven"
                                        title="Legg til 1 Tørkerull Lambi i handlekurven"
                                        
                                        
                                        data-tr-location="Popular Products"
                                        >
                                        <svg xmlns="http://www.w3.org/2000/svg" xmlns:xlink="http://www.w3.org/1999/xlink" version="1.1" class="icon icon-plus" x="0" y="0" viewBox="0 0 45 45" enable-background="new 0 0 45 45" xml:space="preserve" aria-label="Pluss-symbol">
    <polygon class="fill" points="45 19.6 25.4 19.6 25.4 0 19.6 0 19.6 19.6 0 19.6 0 25.4 19.6 25.4 19.6 45 25.4 45 25.4 25.4 45 25.4 "/>
</svg>

                                    </button>
                                    <div class="cart-quantity position-2" title="Antall i handlekurven">
                                        
                                    </div>
                                </div>
                            </div>
                        
                    

                </div>

        </div>
    </div>


                    
                        


    <div class="col-xs-6 col-sm-3 col-md-2">
        <div class="product-list-item ">

                


                
                


                
                    <a data-app-open-native href="/produkter/16284-soft-toalettpapir/" class="modal-link">
                

                    <div>
                        <div class="image-container">
                            
                                <img src="https://bilder.kolonial.no/produkter/685e7cbb-0e6b-4d1e-8fd2-2f96fd2b5016.jpeg?fill=solid&amp;fill-color=ffffff&amp;fit=fill&amp;h=140&amp;w=140&amp;s=3f3425d5a214fb36cbda83b0eb5016cf" alt="Soft Toalettpapir" width="140" height="140" srcset="https://bilder.kolonial.no/produkter/685e7cbb-0e6b-4d1e-8fd2-2f96fd2b5016.jpeg?fill=solid&amp;fill-color=ffffff&amp;fit=fill&amp;h=140&amp;w=140&amp;s=3f3425d5a214fb36cbda83b0eb5016cf 1x, https://bilder.kolonial.no/produkter/685e7cbb-0e6b-4d1e-8fd2-2f96fd2b5016.jpeg?fill=solid&amp;fill-color=ffffff&amp;fit=fill&amp;h=280&amp;w=280&amp;s=d49df4a24601a542a04f1d327d35be1c 2x" />
                            

                            
                            

                            <div class="product-classifiers">
                                

                                

                                

                                

                                

                                
                                    <div class="svanen" title="Produktet er Svanemerket">
                                        <p class="sr-only">
                                            Svanemerket
                                        </p>
                                    </div>
                                

                                

                                

                                

                                
                                    
                                

                            </div>

                        </div>
                    </div>

                    <p class="price label label-price">
                        kr 84,80
                    </p>

                    
                        <p class="unit-price">
                            kr 0,20 per m
                        </p>
                    

                    <h3 class="name">
                        <div class="name-main wrap-two-lines">Soft Toalettpapir</div>
                        <div class="name-extra wrap-one-line">
                            

                            18 stk
                        </div>
                    </h3>

                    

                        

                    

                
                    </a>
                

                <div class="buttons">

                    
                        
                            <div class="add-to-cart-group" data-product="16284" >
                                <div class="not-in-cart">
                                    <button type="button"
                                        class=" add-to-cart btn btn-sm btn-primary"
                                        data-action="add-to-cart"
                                        data-product="16284"
                                        data-quantity="1"
                                        data-to-list="cart"
                                        aria-label="Kjøp Soft Toalettpapir 18 stk"
                                        
                                        
                                        data-tr-location="Popular Products"
                                        >
                                        Kjøp
                                    </button>
                                </div>
                                <div class="in-cart">
                                    <button type="button"
                                        class=" cart-quantity-change position-1"
                                        data-action="add-to-cart"
                                        data-product="16284"
                                        data-quantity="-1"
                                        data-to-list="cart"
                                        aria-label="Fjern 1 Soft Toalettpapir fra handlekurven"
                                        title="Fjern 1 Soft Toalettpapir fra handlekurven"
                                        
                                        
                                        data-tr-location="Popular Products"
                                        >
                                        <svg xmlns="http://www.w3.org/2000/svg" xmlns:xlink="http://www.w3.org/1999/xlink" version="1.1" class="icon icon-minus" y="0" viewBox="0 0 45 45" enable-background="new 0 0 45 45" xml:space="preserve" aria-label="Minus-symbol">
    <rect class="fill" x="0" y="19.6" width="45" height="5.8"/>
</svg>

                                    </button>
                                    <button type="button"
                                        class=" cart-quantity-change position-3"
                                        data-action="add-to-cart"
                                        data-product="16284"
                                        data-quantity="1"
                                        data-to-list="cart"
                                        aria-label="Legg til 1 Soft Toalettpapir i handlekurven"
                                        title="Legg til 1 Soft Toalettpapir i handlekurven"
                                        
                                        
                                        data-tr-location="Popular Products"
                                        >
                                        <svg xmlns="http://www.w3.org/2000/svg" xmlns:xlink="http://www.w3.org/1999/xlink" version="1.1" class="icon icon-plus" x="0" y="0" viewBox="0 0 45 45" enable-background="new 0 0 45 45" xml:space="preserve" aria-label="Pluss-symbol">
    <polygon class="fill" points="45 19.6 25.4 19.6 25.4 0 19.6 0 19.6 19.6 0 19.6 0 25.4 19.6 25.4 19.6 45 25.4 45 25.4 25.4 45 25.4 "/>
</svg>

                                    </button>
                                    <div class="cart-quantity position-2" title="Antall i handlekurven">
                                        
                                    </div>
                                </div>
                            </div>
                        
                    

                </div>

        </div>
    </div>


                    
                        


    <div class="col-xs-6 col-sm-3 col-md-2">
        <div class="product-list-item ">

                


                
                


                
                    <a data-app-open-native href="/produkter/2224-tine-cottage-cheese-mager/" class="modal-link">
                

                    <div>
                        <div class="image-container">
                            
                                <img src="https://bilder.kolonial.no/produkter/e6682a1e-ccba-48d4-8f22-86b3d8410a67.jpeg?fill=solid&amp;fill-color=ffffff&amp;fit=fill&amp;h=140&amp;w=140&amp;s=f5e951d679e09ca9c4635cca6dbc645e" alt="Cottage Cheese" width="140" height="140" title="Bilde: © Tine / Kolonial.no" srcset="https://bilder.kolonial.no/produkter/e6682a1e-ccba-48d4-8f22-86b3d8410a67.jpeg?fill=solid&amp;fill-color=ffffff&amp;fit=fill&amp;h=140&amp;w=140&amp;s=f5e951d679e09ca9c4635cca6dbc645e 1x, https://bilder.kolonial.no/produkter/e6682a1e-ccba-48d4-8f22-86b3d8410a67.jpeg?fill=solid&amp;fill-color=ffffff&amp;fit=fill&amp;h=280&amp;w=280&amp;s=d6f07ccbd36342c7f0ad3a59f5d69612 2x" />
                            

                            
                            

                            <div class="product-classifiers">
                                

                                

                                
                                    <div class="keyhole" title="Produktet er merket med Nøkkelhullet">
                                        <p class="sr-only">
                                            Nøkkelhullet
                                        </p>
                                    </div>
                                

                                
                                    <div class="enjoy_norway" title="Produktet er merket Nyt Norge">
                                        <p class="sr-only">
                                            Nyt Norge
                                        </p>
                                    </div>
                                

                                

                                

                                

                                

                                

                                
                                    
                                

                            </div>

                        </div>
                    </div>

                    <p class="price label label-price">
                        kr 29,80
                    </p>

                    
                        <p class="unit-price">
                            kr 74,50 per kg
                        </p>
                    

                    <h3 class="name">
                        <div class="name-main wrap-two-lines">Cottage Cheese</div>
                        <div class="name-extra wrap-one-line">
                            

                            Mager, 400 g
                        </div>
                    </h3>

                    

                        

                    

                
                    </a>
                

                <div class="buttons">

                    
                        
                            <div class="add-to-cart-group" data-product="2224" >
                                <div class="not-in-cart">
                                    <button type="button"
                                        class=" add-to-cart btn btn-sm btn-primary"
                                        data-action="add-to-cart"
                                        data-product="2224"
                                        data-quantity="1"
                                        data-to-list="cart"
                                        aria-label="Kjøp Cottage Cheese Mager, 400 g"
                                        
                                        
                                        data-tr-location="Popular Products"
                                        >
                                        Kjøp
                                    </button>
                                </div>
                                <div class="in-cart">
                                    <button type="button"
                                        class=" cart-quantity-change position-1"
                                        data-action="add-to-cart"
                                        data-product="2224"
                                        data-quantity="-1"
                                        data-to-list="cart"
                                        aria-label="Fjern 1 Cottage Cheese fra handlekurven"
                                        title="Fjern 1 Cottage Cheese fra handlekurven"
                                        
                                        
                                        data-tr-location="Popular Products"
                                        >
                                        <svg xmlns="http://www.w3.org/2000/svg" xmlns:xlink="http://www.w3.org/1999/xlink" version="1.1" class="icon icon-minus" y="0" viewBox="0 0 45 45" enable-background="new 0 0 45 45" xml:space="preserve" aria-label="Minus-symbol">
    <rect class="fill" x="0" y="19.6" width="45" height="5.8"/>
</svg>

                                    </button>
                                    <button type="button"
                                        class=" cart-quantity-change position-3"
                                        data-action="add-to-cart"
                                        data-product="2224"
                                        data-quantity="1"
                                        data-to-list="cart"
                                        aria-label="Legg til 1 Cottage Cheese i handlekurven"
                                        title="Legg til 1 Cottage Cheese i handlekurven"
                                        
                                        
                                        data-tr-location="Popular Products"
                                        >
                                        <svg xmlns="http://www.w3.org/2000/svg" xmlns:xlink="http://www.w3.org/1999/xlink" version="1.1" class="icon icon-plus" x="0" y="0" viewBox="0 0 45 45" enable-background="new 0 0 45 45" xml:space="preserve" aria-label="Pluss-symbol">
    <polygon class="fill" points="45 19.6 25.4 19.6 25.4 0 19.6 0 19.6 19.6 0 19.6 0 25.4 19.6 25.4 19.6 45 25.4 45 25.4 25.4 45 25.4 "/>
</svg>

                                    </button>
                                    <div class="cart-quantity position-2" title="Antall i handlekurven">
                                        
                                    </div>
                                </div>
                            </div>
                        
                    

                </div>

        </div>
    </div>


                    
                
            </div>

        </div>
    </div>


                        </div>
                    </div>
                
            </div>
        </div>
    </div>

    
    


    <div class="wide-container concept-promotion-banners">

        <div class="main-message">
                <p class="lead">
                    Kolonial.no er Norges største matbutikk på nett. <br class="hidden-xs">
                    Vi har utvalg som et supermarked, fantastisk kvalitet og ordentlig lave priser.<br>
                    <a class="ws-xs btn btn-lg btn-brand" href="/bruker/registrer/">Bli kunde!</a>
                </p>
        </div>

        
<div class="text-center price-testimonials">
    <div class="content-container">
        <div class="row">
            <div class="col-xs-12 col-sm-6 col-sm-offset-3">
                <a target="_blank" rel="nofollow noopener noreferrer" href="http://enhver.no/pristest-dagligvarer-pa-nett-butikk-utfort-16-juni/">
                    <h4>
                        «Ønsker man å hente varene selv [...] er Kolonial.no den rimeligste butikken, med 4,8% lavere pris enn Kiwi»
                    </h4>
                    <svg xmlns="http://www.w3.org/2000/svg" viewBox="0 0 1256.3 242.5" class="media-outlet-logo enhver" aria-label="Enhver.no">
    <title>Enhver.no</title>
    <path class="cart" d="M77.7 157.5c2.7 0.5 5.4 1.1 8.2 1.1 9.7 1.8 19.5 3.1 29.4 4.4 2.2 0.3 4.4 0.7 6.6 1 9.5 1.6 19.1 3.1 28.7 4.2 2.6 0.7 5.2 0.9 7.9 1.3 3 0.5 5.9 1 8.9 1.4 6.5 0.9 13 1.8 19.5 2.8 7.4 2 12.8-0.8 15.3-7.9 17-48.5 34-97 51-145.5 3.7-10.5 10.8-17.2 21.6-19.8 0.4-0.1 0.9 0 1-0.5 3 0 6.1 0 9.1 0 10.6 3.2 21.1 6.4 31.7 9.6 2 0.6 4 1.2 6 1.8 5.7 1.9 8.7 7.4 7 12.7 -1.7 5.4-7.3 8.3-12.9 6.6 -10.7-3.2-21.4-6.5-32.1-9.7 -6.2-1.9-10.3 0.2-12.5 6.2 -18.8 53.7-37.7 107.4-56.5 161.1 -2.6 7.4-6 9.4-13.8 8.3 -33.3-5-66.5-9.9-99.8-14.8 -27-4-54-8.1-81.1-12.1 -5.6-0.8-8.9-4-9.5-9.8 -1.7-15.5-3.3-31.1-5-46.7C4.7 96.5 3 79.8 1.2 63 0.8 59.4 0.3 55.7 0 52c-0.5-7 3.8-11.6 10.8-11.6 17 0 34 0 51 0 7.6 0 12.3 5.8 10.7 13.3 -0.9 4.2-4.2 6.8-8.8 6.8 -10.7 0-21.4 0-32.1 0 -7 0-10.1 3.6-9.3 10.6 1.7 15.1 3.2 30.3 4.8 45.4 0.9 8.4 1.7 16.7 2.6 25.1 0.6 4.8 4.3 9 9.1 10.1 2.9 0.6 6 0.9 9 1.3C57.8 154.5 67.7 156 77.7 157.5z"/>
    <path class="st1" d="M186.8 173.8c-6.5-0.9-13-1.8-19.5-2.8 -3-0.4-5.9-0.9-8.9-1.4 3.3-18.6 6.7-37.2 10-55.8 4.8-26.7 9.6-53.4 14.5-80.1 0.6-3.5 1.2-6.9 1.9-10.4 0.9-4.6 4.5-8.2 9.1-8.6 7.4-0.7 14.8-0.4 22.2 0 4.2 0.3 6.5 4.2 5.5 8.8 -3.7 16.1-7.5 32.2-11.2 48.4 -7.7 33.2-15.3 66.3-23 99.5C187.2 172.1 187 173 186.8 173.8z"/>
    <path class="st2" d="M150.5 168.3c-9.6-1.1-19.2-2.7-28.7-4.2 1.5-16.7 3-33.3 4.5-50 1.6-17.8 3.2-35.7 4.8-53.5 0.6-6.5 1.2-13.1 1.7-19.6 0.5-7.3 4.4-10.9 11.7-11 4.5 0 8.9 0 13.4 0 6.5 0.1 9.6 3.5 8.8 9.9 -3.2 25.6-6.4 51.2-9.6 76.8 -2 16.4-4.1 32.9-6.1 49.3C150.9 166.9 150.7 167.6 150.5 168.3z"/>
    <path class="st1" d="M115.2 163.1c-9.8-1.3-19.6-2.7-29.4-4.4 -0.6-32.8-1.3-65.6-1.9-98.4 -0.1-7.6 3.1-10.8 10.6-10.9 4.6 0 9.3 0 13.9 0 5.9 0.1 9.4 3.6 9.3 9.5 -0.7 33.8-1.4 67.6-2.2 101.5C115.5 161.3 115.3 162.2 115.2 163.1z"/>
    <path class="st2" d="M77.7 157.5c-9.9-1.5-19.8-3-29.7-4.5 -1.5-20.3-2.9-40.6-4.4-60.9 -0.1-1-0.1-2-0.1-3 0-4.8 3.1-8.4 8-8.6 4.7-0.2 9.4-0.2 14.1 0 5.2 0.2 9 4.1 9.2 9.2 1 21.1 2 42.2 2.9 63.3C77.7 154.5 77.7 156 77.7 157.5z"/>
    <path class="cart" d="M81.5 204.2C80.7 217 70.6 226.1 58 225.3c-11.8-0.8-20.8-11.3-20.1-23.5 0.7-11.6 11.2-21.1 22.5-20.3C73 182.3 82.3 192.3 81.5 204.2z"/>
    <path class="cart" d="M180.3 220.5c0 12.3-9.6 21.9-21.9 22 -12 0.1-21.8-9.6-21.9-21.7 -0.2-11.9 9.6-21.9 21.7-22C170.4 198.6 180.3 208.3 180.3 220.5z"/>
    <path class="font" d="M1255.3 118.7c-2.6-21-12.1-31.9-30.9-34.9 -16.1-2.6-32.2-2.7-48.3-0.1 -18.2 2.9-27.7 12.4-30.8 30.4 -2.7 16.1-2.7 32.2-0.1 48.2 3.1 18.3 12.2 27.3 30.5 30.7 2.5 0.5 5.3-0.1 7.5 1.7 10.7 0 21.3 0 32 0 3-1.7 6.3-1.3 9.5-1.9 16.9-3.1 26.3-12.4 29.5-29.3 0.5-2.6 0.1-5.6 2-7.9 0-11 0-22 0-33C1254.7 121.8 1255.5 120.1 1255.3 118.7zM1213.2 156c-1.2 6.7-5.7 9.6-13.2 9.6 -7.4 0.1-11.8-2.8-13.6-9.2 -0.4-1.3-0.8-2.6-0.8-3.9 -0.1-4.8 0-9.6 0-14.5 0-5.8-0.8-11.7 0.8-17.4 1.9-6.7 6.2-9.7 13.8-9.6 7.5 0.1 11.9 2.9 13.1 9.7C1215.4 132.5 1215.4 144.3 1213.2 156z"/>
    <path class="font" d="M773 83c-11.7 0.1-23.3 0.2-35 0 -3-0.1-4 1.1-4.6 3.8 -4.3 19-8.7 37.9-13.1 56.8 -0.6 2.5-0.4 6.5-3.3 6.6 -3.1 0.1-2.9-4-3.4-6.4 -4.5-18.8-8.9-37.5-13-56.4 -0.8-3.5-2.1-4.5-5.6-4.4 -11 0.2-22 0.2-33 0 -4.2-0.1-5 0.8-3.7 4.9 8.4 26.1 17.1 52.1 24.6 78.5 3.9 13.7 8.9 25.3 24.5 28.4 6.3 0 12.7 0 19 0 1.6-1.7 3.9-1.3 5.9-2 7-2.4 12.3-6.6 14.6-13.9 9.7-30.7 19.3-61.5 29.1-92.2C776.9 83.6 775.9 83 773 83z"/>
    <path class="font" d="M651.9 123.6c-0.4-21.2-12.1-34.7-33-39.1 -9.7-2.1-19.6-1.4-29.4-1.3 -3.6 0-4.4-1.1-4.3-4.5 0.2-8.8-0.1-17.7 0.2-26.5 0.1-3.3-0.5-4.6-4.2-4.5 -10.8 0.3-21.7 0.3-32.5 0 -3.6-0.1-4.4 1-4.4 4.4 0.2 22.8 0.1 45.7 0.1 68.5 0 22.8 0.1 45.7-0.1 68.5 0 3.8 1 4.8 4.7 4.7 10.3-0.3 20.7-0.3 31 0 4.4 0.2 5.5-1 5.5-5.4 -0.2-23.8-0.1-47.7-0.1-71.5 0-1.8-1.3-4.3 2.6-4.5 14.6-0.8 21.9 5.4 23 19.9 0.2 2 0.1 4 0.1 6 0 17.2 0.1 34.3-0.1 51.5 0 3 0.6 4.1 3.8 4 11.2-0.2 22.3-0.2 33.5 0 2.9 0 3.7-0.9 3.7-3.7C652 167.9 652.4 145.7 651.9 123.6z"/>
    <path class="font" d="M1130.3 121.5c-0.3-21.5-14.1-35.9-35.4-37.8 -16.9-1.5-34-0.9-50.9-0.4 -14.6 0.4-20.6 7.2-20.8 21.8 -0.2 13.7 0 27.3 0 41 0 0 0 0 0 0 0 14.5 0.1 29-0.1 43.5 0 3.2 0.8 4.3 4.1 4.2 10.8-0.2 21.7-0.2 32.5 0 3.6 0.1 4.4-1.1 4.4-4.5 -0.2-15.7-0.1-31.3-0.1-47 0-7.7 0.1-15.3 0.1-23 0-3 0.8-6 4.3-6.4 11.4-1.4 21.2 0.1 21.1 15 0 1.7 0.1 3.3 0.1 5 0 18.7 0.2 37.3 0 56 0 4.1 1.2 5 5 4.9 10.7-0.2 21.3-0.2 32 0 2.9 0 4.1-0.5 4-3.8C1130.4 167.1 1130.7 144.3 1130.3 121.5z"/>
    <path class="font" d="M528.4 121.6c-0.4-21.9-14-36-35.9-37.9 -16.8-1.4-33.6-0.9-50.4-0.4 -14.7 0.4-20.8 7.4-20.9 22.3 -0.1 13.5 0 27 0 40.5 0 14.5 0.1 29-0.1 43.5 0 3.1 0.6 4.3 4.1 4.3 10.8-0.2 21.7-0.2 32.5 0 3.4 0.1 4.6-0.8 4.5-4.4 -0.2-12.3-0.1-24.6-0.1-37 0-10.8 0-21.7 0-32.5 0-3.4 0.6-6.6 4.7-7.1 12.1-1.4 20.9 0.9 20.7 15.5 0 2.5 0.2 5 0.2 7.5 0 17.8 0.1 35.6-0.1 53.5 0 3.4 0.8 4.6 4.4 4.5 10.8-0.2 21.7-0.2 32.5 0 2.8 0 4.2-0.3 4.1-3.7C528.5 167.2 528.8 144.4 528.4 121.6z"/>
    <path class="font" d="M962.4 83c-11 0-22 0-32.8 1.9 -18.3 3.3-28.5 13.4-31.5 31.8 -2.1 12.7-0.4 25.6-0.9 36.1 0 13.8 0.1 25.3-0.1 36.7 -0.1 3.3 1 4.2 4.2 4.2 10.6-0.2 21.3-0.3 32 0 4.1 0.1 4.9-1.3 4.9-5.1 -0.2-16.5-0.2-33 0.1-49.4 0.3-17.8 7.3-27.4 24.5-26.8 2.6 0.1 3-1.2 3-3.4 -0.1-7.7-0.1-15.3 0-23C965.6 83.7 964.7 83 962.4 83z"/>
    <path class="font" d="M1004.8 159c0-2.4-0.7-3.2-3.2-3.2 -10.3 0.1-20.7 0.1-31 0 -2.4 0-3.2 0.9-3.1 3.2 0.1 5.2 0 10.3 0 15.5 0 5.2 0.1 10.3 0 15.5 0 2.3 0.3 3.7 3.2 3.6 10.3-0.1 20.7-0.1 31 0 2.5 0 3.1-0.9 3.1-3.2C1004.7 180 1004.7 169.5 1004.8 159z"/>
    <path class="font" d="M381.9 83.2c-15.9-2-32-2.2-47.9 0.1 -18.7 2.6-25 9.3-28.3 28.1 -0.3 1.8 0.5 4-1.4 5.5 0 13.3 0 26.7 0 40 1.6 0.8 0.9 2.4 1 3.6 2.9 21.3 10.1 31.6 33.2 32.8 21 1.1 42 0.2 63 0.5 2.8 0 2.8-1.4 2.8-3.4 -0.1-7.2-0.2-14.3 0.1-21.5 0.1-3.3-1.1-3.8-4-3.8 -11.8 0.1-23.7 0.1-35.5 0.1 -4 0-8-0.1-11.9-1.3 -3.8-1.2-6.2-3.6-7.3-7.5 -0.9-3.2-0.5-4.8 3.5-4.7 13.5 0.2 27 0.2 40.5 0.1 10.5-0.1 15.9-4.8 17.7-15.2 1.7-10 1.1-19.9-0.9-29.8C403.6 91.9 396.7 85.1 381.9 83.2zM367.3 119.3c-0.2 4.9-2.1 6.4-8.5 6.4 -1.5 0-3 0-4.5 0 -0.4 0-0.8 0.1-1.1 0.1 -0.1 0-0.2 0-0.3-0.1 -2.5-1-6.8 2.5-7.5-2.5 -1-6.8 2.3-11.7 7.7-12.5 2.1-0.3 4.3-0.4 6.4-0.3C365.9 110.9 367.6 112.9 367.3 119.3z"/>
    <path class="font" d="M857.4 83.1c-17.1-1.9-34.2-2-51.3 0.7 -13.2 2.1-21.2 9.4-23.5 22.4 -3.6 20.5-3.7 41.1 0 61.6 2.8 15.8 11.9 23.3 28 25 12 1.3 24 0.5 34.1 0.8 11.7 0 21.5-0.2 31.4 0.1 3.6 0.1 4.5-1.1 4.4-4.5 -0.3-6.3-0.3-12.7 0-19 0.2-4-0.8-5.4-5.1-5.3 -11.5 0.3-23 0.1-34.5 0.1 -4 0-8-0.1-11.9-1.3 -3.8-1.2-6.3-3.6-7.3-7.5 -0.8-3.1-0.5-4.8 3.5-4.7 13.3 0.2 26.6 0.1 40 0.1 11.1-0.1 16.6-4.9 18.3-15.7 1.6-9.7 0.9-19.3-0.9-28.8C879.6 92 872.4 84.8 857.4 83.1zM843.3 119.2c-0.2 4.9-2.2 6.4-8.5 6.5 -1.5 0-3 0-4.5 0 -0.5 0-1.1 0.1-1.5 0.1 -0.2 0-0.3-0.1-0.4-0.1 -2.3-1.1-6.4 2.7-7.1-2.4 -0.8-6.3 2-11.4 6.7-12.4 2.4-0.5 5-0.6 7.4-0.4C841.8 110.9 843.6 113 843.3 119.2z"/>
</svg>

                    <p class="small muted">Uavhengig pristest, 16. juni 2017</p>
                </a>
            </div>
        </div>
        <div class="row">
            <div class="col-xs-6 col-sm-4 col-md-3">
                <a target="_blank" rel="nofollow noopener noreferrer" href="http://enhver.no/prissammenligning-dagligvarer-pa-nett-butikk-2/">
                    <h4>
                        På nytt billigst på nett!
                    </h4>
                    <svg xmlns="http://www.w3.org/2000/svg" viewBox="0 0 1256.3 242.5" class="media-outlet-logo enhver" aria-label="Enhver.no">
    <title>Enhver.no</title>
    <path class="cart" d="M77.7 157.5c2.7 0.5 5.4 1.1 8.2 1.1 9.7 1.8 19.5 3.1 29.4 4.4 2.2 0.3 4.4 0.7 6.6 1 9.5 1.6 19.1 3.1 28.7 4.2 2.6 0.7 5.2 0.9 7.9 1.3 3 0.5 5.9 1 8.9 1.4 6.5 0.9 13 1.8 19.5 2.8 7.4 2 12.8-0.8 15.3-7.9 17-48.5 34-97 51-145.5 3.7-10.5 10.8-17.2 21.6-19.8 0.4-0.1 0.9 0 1-0.5 3 0 6.1 0 9.1 0 10.6 3.2 21.1 6.4 31.7 9.6 2 0.6 4 1.2 6 1.8 5.7 1.9 8.7 7.4 7 12.7 -1.7 5.4-7.3 8.3-12.9 6.6 -10.7-3.2-21.4-6.5-32.1-9.7 -6.2-1.9-10.3 0.2-12.5 6.2 -18.8 53.7-37.7 107.4-56.5 161.1 -2.6 7.4-6 9.4-13.8 8.3 -33.3-5-66.5-9.9-99.8-14.8 -27-4-54-8.1-81.1-12.1 -5.6-0.8-8.9-4-9.5-9.8 -1.7-15.5-3.3-31.1-5-46.7C4.7 96.5 3 79.8 1.2 63 0.8 59.4 0.3 55.7 0 52c-0.5-7 3.8-11.6 10.8-11.6 17 0 34 0 51 0 7.6 0 12.3 5.8 10.7 13.3 -0.9 4.2-4.2 6.8-8.8 6.8 -10.7 0-21.4 0-32.1 0 -7 0-10.1 3.6-9.3 10.6 1.7 15.1 3.2 30.3 4.8 45.4 0.9 8.4 1.7 16.7 2.6 25.1 0.6 4.8 4.3 9 9.1 10.1 2.9 0.6 6 0.9 9 1.3C57.8 154.5 67.7 156 77.7 157.5z"/>
    <path class="st1" d="M186.8 173.8c-6.5-0.9-13-1.8-19.5-2.8 -3-0.4-5.9-0.9-8.9-1.4 3.3-18.6 6.7-37.2 10-55.8 4.8-26.7 9.6-53.4 14.5-80.1 0.6-3.5 1.2-6.9 1.9-10.4 0.9-4.6 4.5-8.2 9.1-8.6 7.4-0.7 14.8-0.4 22.2 0 4.2 0.3 6.5 4.2 5.5 8.8 -3.7 16.1-7.5 32.2-11.2 48.4 -7.7 33.2-15.3 66.3-23 99.5C187.2 172.1 187 173 186.8 173.8z"/>
    <path class="st2" d="M150.5 168.3c-9.6-1.1-19.2-2.7-28.7-4.2 1.5-16.7 3-33.3 4.5-50 1.6-17.8 3.2-35.7 4.8-53.5 0.6-6.5 1.2-13.1 1.7-19.6 0.5-7.3 4.4-10.9 11.7-11 4.5 0 8.9 0 13.4 0 6.5 0.1 9.6 3.5 8.8 9.9 -3.2 25.6-6.4 51.2-9.6 76.8 -2 16.4-4.1 32.9-6.1 49.3C150.9 166.9 150.7 167.6 150.5 168.3z"/>
    <path class="st1" d="M115.2 163.1c-9.8-1.3-19.6-2.7-29.4-4.4 -0.6-32.8-1.3-65.6-1.9-98.4 -0.1-7.6 3.1-10.8 10.6-10.9 4.6 0 9.3 0 13.9 0 5.9 0.1 9.4 3.6 9.3 9.5 -0.7 33.8-1.4 67.6-2.2 101.5C115.5 161.3 115.3 162.2 115.2 163.1z"/>
    <path class="st2" d="M77.7 157.5c-9.9-1.5-19.8-3-29.7-4.5 -1.5-20.3-2.9-40.6-4.4-60.9 -0.1-1-0.1-2-0.1-3 0-4.8 3.1-8.4 8-8.6 4.7-0.2 9.4-0.2 14.1 0 5.2 0.2 9 4.1 9.2 9.2 1 21.1 2 42.2 2.9 63.3C77.7 154.5 77.7 156 77.7 157.5z"/>
    <path class="cart" d="M81.5 204.2C80.7 217 70.6 226.1 58 225.3c-11.8-0.8-20.8-11.3-20.1-23.5 0.7-11.6 11.2-21.1 22.5-20.3C73 182.3 82.3 192.3 81.5 204.2z"/>
    <path class="cart" d="M180.3 220.5c0 12.3-9.6 21.9-21.9 22 -12 0.1-21.8-9.6-21.9-21.7 -0.2-11.9 9.6-21.9 21.7-22C170.4 198.6 180.3 208.3 180.3 220.5z"/>
    <path class="font" d="M1255.3 118.7c-2.6-21-12.1-31.9-30.9-34.9 -16.1-2.6-32.2-2.7-48.3-0.1 -18.2 2.9-27.7 12.4-30.8 30.4 -2.7 16.1-2.7 32.2-0.1 48.2 3.1 18.3 12.2 27.3 30.5 30.7 2.5 0.5 5.3-0.1 7.5 1.7 10.7 0 21.3 0 32 0 3-1.7 6.3-1.3 9.5-1.9 16.9-3.1 26.3-12.4 29.5-29.3 0.5-2.6 0.1-5.6 2-7.9 0-11 0-22 0-33C1254.7 121.8 1255.5 120.1 1255.3 118.7zM1213.2 156c-1.2 6.7-5.7 9.6-13.2 9.6 -7.4 0.1-11.8-2.8-13.6-9.2 -0.4-1.3-0.8-2.6-0.8-3.9 -0.1-4.8 0-9.6 0-14.5 0-5.8-0.8-11.7 0.8-17.4 1.9-6.7 6.2-9.7 13.8-9.6 7.5 0.1 11.9 2.9 13.1 9.7C1215.4 132.5 1215.4 144.3 1213.2 156z"/>
    <path class="font" d="M773 83c-11.7 0.1-23.3 0.2-35 0 -3-0.1-4 1.1-4.6 3.8 -4.3 19-8.7 37.9-13.1 56.8 -0.6 2.5-0.4 6.5-3.3 6.6 -3.1 0.1-2.9-4-3.4-6.4 -4.5-18.8-8.9-37.5-13-56.4 -0.8-3.5-2.1-4.5-5.6-4.4 -11 0.2-22 0.2-33 0 -4.2-0.1-5 0.8-3.7 4.9 8.4 26.1 17.1 52.1 24.6 78.5 3.9 13.7 8.9 25.3 24.5 28.4 6.3 0 12.7 0 19 0 1.6-1.7 3.9-1.3 5.9-2 7-2.4 12.3-6.6 14.6-13.9 9.7-30.7 19.3-61.5 29.1-92.2C776.9 83.6 775.9 83 773 83z"/>
    <path class="font" d="M651.9 123.6c-0.4-21.2-12.1-34.7-33-39.1 -9.7-2.1-19.6-1.4-29.4-1.3 -3.6 0-4.4-1.1-4.3-4.5 0.2-8.8-0.1-17.7 0.2-26.5 0.1-3.3-0.5-4.6-4.2-4.5 -10.8 0.3-21.7 0.3-32.5 0 -3.6-0.1-4.4 1-4.4 4.4 0.2 22.8 0.1 45.7 0.1 68.5 0 22.8 0.1 45.7-0.1 68.5 0 3.8 1 4.8 4.7 4.7 10.3-0.3 20.7-0.3 31 0 4.4 0.2 5.5-1 5.5-5.4 -0.2-23.8-0.1-47.7-0.1-71.5 0-1.8-1.3-4.3 2.6-4.5 14.6-0.8 21.9 5.4 23 19.9 0.2 2 0.1 4 0.1 6 0 17.2 0.1 34.3-0.1 51.5 0 3 0.6 4.1 3.8 4 11.2-0.2 22.3-0.2 33.5 0 2.9 0 3.7-0.9 3.7-3.7C652 167.9 652.4 145.7 651.9 123.6z"/>
    <path class="font" d="M1130.3 121.5c-0.3-21.5-14.1-35.9-35.4-37.8 -16.9-1.5-34-0.9-50.9-0.4 -14.6 0.4-20.6 7.2-20.8 21.8 -0.2 13.7 0 27.3 0 41 0 0 0 0 0 0 0 14.5 0.1 29-0.1 43.5 0 3.2 0.8 4.3 4.1 4.2 10.8-0.2 21.7-0.2 32.5 0 3.6 0.1 4.4-1.1 4.4-4.5 -0.2-15.7-0.1-31.3-0.1-47 0-7.7 0.1-15.3 0.1-23 0-3 0.8-6 4.3-6.4 11.4-1.4 21.2 0.1 21.1 15 0 1.7 0.1 3.3 0.1 5 0 18.7 0.2 37.3 0 56 0 4.1 1.2 5 5 4.9 10.7-0.2 21.3-0.2 32 0 2.9 0 4.1-0.5 4-3.8C1130.4 167.1 1130.7 144.3 1130.3 121.5z"/>
    <path class="font" d="M528.4 121.6c-0.4-21.9-14-36-35.9-37.9 -16.8-1.4-33.6-0.9-50.4-0.4 -14.7 0.4-20.8 7.4-20.9 22.3 -0.1 13.5 0 27 0 40.5 0 14.5 0.1 29-0.1 43.5 0 3.1 0.6 4.3 4.1 4.3 10.8-0.2 21.7-0.2 32.5 0 3.4 0.1 4.6-0.8 4.5-4.4 -0.2-12.3-0.1-24.6-0.1-37 0-10.8 0-21.7 0-32.5 0-3.4 0.6-6.6 4.7-7.1 12.1-1.4 20.9 0.9 20.7 15.5 0 2.5 0.2 5 0.2 7.5 0 17.8 0.1 35.6-0.1 53.5 0 3.4 0.8 4.6 4.4 4.5 10.8-0.2 21.7-0.2 32.5 0 2.8 0 4.2-0.3 4.1-3.7C528.5 167.2 528.8 144.4 528.4 121.6z"/>
    <path class="font" d="M962.4 83c-11 0-22 0-32.8 1.9 -18.3 3.3-28.5 13.4-31.5 31.8 -2.1 12.7-0.4 25.6-0.9 36.1 0 13.8 0.1 25.3-0.1 36.7 -0.1 3.3 1 4.2 4.2 4.2 10.6-0.2 21.3-0.3 32 0 4.1 0.1 4.9-1.3 4.9-5.1 -0.2-16.5-0.2-33 0.1-49.4 0.3-17.8 7.3-27.4 24.5-26.8 2.6 0.1 3-1.2 3-3.4 -0.1-7.7-0.1-15.3 0-23C965.6 83.7 964.7 83 962.4 83z"/>
    <path class="font" d="M1004.8 159c0-2.4-0.7-3.2-3.2-3.2 -10.3 0.1-20.7 0.1-31 0 -2.4 0-3.2 0.9-3.1 3.2 0.1 5.2 0 10.3 0 15.5 0 5.2 0.1 10.3 0 15.5 0 2.3 0.3 3.7 3.2 3.6 10.3-0.1 20.7-0.1 31 0 2.5 0 3.1-0.9 3.1-3.2C1004.7 180 1004.7 169.5 1004.8 159z"/>
    <path class="font" d="M381.9 83.2c-15.9-2-32-2.2-47.9 0.1 -18.7 2.6-25 9.3-28.3 28.1 -0.3 1.8 0.5 4-1.4 5.5 0 13.3 0 26.7 0 40 1.6 0.8 0.9 2.4 1 3.6 2.9 21.3 10.1 31.6 33.2 32.8 21 1.1 42 0.2 63 0.5 2.8 0 2.8-1.4 2.8-3.4 -0.1-7.2-0.2-14.3 0.1-21.5 0.1-3.3-1.1-3.8-4-3.8 -11.8 0.1-23.7 0.1-35.5 0.1 -4 0-8-0.1-11.9-1.3 -3.8-1.2-6.2-3.6-7.3-7.5 -0.9-3.2-0.5-4.8 3.5-4.7 13.5 0.2 27 0.2 40.5 0.1 10.5-0.1 15.9-4.8 17.7-15.2 1.7-10 1.1-19.9-0.9-29.8C403.6 91.9 396.7 85.1 381.9 83.2zM367.3 119.3c-0.2 4.9-2.1 6.4-8.5 6.4 -1.5 0-3 0-4.5 0 -0.4 0-0.8 0.1-1.1 0.1 -0.1 0-0.2 0-0.3-0.1 -2.5-1-6.8 2.5-7.5-2.5 -1-6.8 2.3-11.7 7.7-12.5 2.1-0.3 4.3-0.4 6.4-0.3C365.9 110.9 367.6 112.9 367.3 119.3z"/>
    <path class="font" d="M857.4 83.1c-17.1-1.9-34.2-2-51.3 0.7 -13.2 2.1-21.2 9.4-23.5 22.4 -3.6 20.5-3.7 41.1 0 61.6 2.8 15.8 11.9 23.3 28 25 12 1.3 24 0.5 34.1 0.8 11.7 0 21.5-0.2 31.4 0.1 3.6 0.1 4.5-1.1 4.4-4.5 -0.3-6.3-0.3-12.7 0-19 0.2-4-0.8-5.4-5.1-5.3 -11.5 0.3-23 0.1-34.5 0.1 -4 0-8-0.1-11.9-1.3 -3.8-1.2-6.3-3.6-7.3-7.5 -0.8-3.1-0.5-4.8 3.5-4.7 13.3 0.2 26.6 0.1 40 0.1 11.1-0.1 16.6-4.9 18.3-15.7 1.6-9.7 0.9-19.3-0.9-28.8C879.6 92 872.4 84.8 857.4 83.1zM843.3 119.2c-0.2 4.9-2.2 6.4-8.5 6.5 -1.5 0-3 0-4.5 0 -0.5 0-1.1 0.1-1.5 0.1 -0.2 0-0.3-0.1-0.4-0.1 -2.3-1.1-6.4 2.7-7.1-2.4 -0.8-6.3 2-11.4 6.7-12.4 2.4-0.5 5-0.6 7.4-0.4C841.8 110.9 843.6 113 843.3 119.2z"/>
</svg>

                    <p class="small muted">Uavhengig pristest, 10. mars 2017</p>
                </a>
            </div>
            <div class="col-xs-6 col-sm-4 col-md-3">
                <a target="_blank" rel="nofollow noopener noreferrer" href="https://pluss.vg.no/2016/06/20/2441/2441_23712896">
                    <h4>
                        Kolonial.no billigst på nett
                    </h4>
                    <svg xmlns="http://www.w3.org/2000/svg" viewBox="0 0 547.2 127.6" class="media-outlet-logo vg" aria-label="VG">
<title>VG</title>
  <rect x="-25.3" y="-16.7" width="594" height="160.3" class="background"/>
  <path d="M482.8 111.3H309.5c0 0-21 1.2-21-17.6V36.3c0-22.3 21-21 21-21h175.1c21.5 0 21.1 21.1 21.1 21.1v3.5h-68.4v-3.8c0 0-0.8-9.8-12.5-9.8h-53c-14.4 0-14 12-14 12v48.5c0 0-1.6 13.8 13.1 13.8h53.5c12.1 0 13.3-11.9 13.3-11.9V70.6h-38.9V59.4h107V91C505.7 91 505.7 111.3 482.8 111.3z" class="font"/>
  <polyline points="105.7 111.5 23.3 15.3 108.2 15.3 151.2 80.2 197.5 15.3 281.5 15.3 198.1 111.5 105.7 111.5 " class="font"/>
</svg>

                    <p class="small muted">18. juni 2016</p>
                </a>
            </div>
            <div class="hidden-xs col-sm-4 col-md-3">
                <a target="_blank" rel="nofollow noopener noreferrer" href="http://enhver.no/prissammenligning-dagligvarer-pa-nett-butikk/">
                <h4>
                    Kolonial.no billigst på nett!
                </h4>
                <svg xmlns="http://www.w3.org/2000/svg" viewBox="0 0 1256.3 242.5" class="media-outlet-logo enhver" aria-label="Enhver.no">
    <title>Enhver.no</title>
    <path class="cart" d="M77.7 157.5c2.7 0.5 5.4 1.1 8.2 1.1 9.7 1.8 19.5 3.1 29.4 4.4 2.2 0.3 4.4 0.7 6.6 1 9.5 1.6 19.1 3.1 28.7 4.2 2.6 0.7 5.2 0.9 7.9 1.3 3 0.5 5.9 1 8.9 1.4 6.5 0.9 13 1.8 19.5 2.8 7.4 2 12.8-0.8 15.3-7.9 17-48.5 34-97 51-145.5 3.7-10.5 10.8-17.2 21.6-19.8 0.4-0.1 0.9 0 1-0.5 3 0 6.1 0 9.1 0 10.6 3.2 21.1 6.4 31.7 9.6 2 0.6 4 1.2 6 1.8 5.7 1.9 8.7 7.4 7 12.7 -1.7 5.4-7.3 8.3-12.9 6.6 -10.7-3.2-21.4-6.5-32.1-9.7 -6.2-1.9-10.3 0.2-12.5 6.2 -18.8 53.7-37.7 107.4-56.5 161.1 -2.6 7.4-6 9.4-13.8 8.3 -33.3-5-66.5-9.9-99.8-14.8 -27-4-54-8.1-81.1-12.1 -5.6-0.8-8.9-4-9.5-9.8 -1.7-15.5-3.3-31.1-5-46.7C4.7 96.5 3 79.8 1.2 63 0.8 59.4 0.3 55.7 0 52c-0.5-7 3.8-11.6 10.8-11.6 17 0 34 0 51 0 7.6 0 12.3 5.8 10.7 13.3 -0.9 4.2-4.2 6.8-8.8 6.8 -10.7 0-21.4 0-32.1 0 -7 0-10.1 3.6-9.3 10.6 1.7 15.1 3.2 30.3 4.8 45.4 0.9 8.4 1.7 16.7 2.6 25.1 0.6 4.8 4.3 9 9.1 10.1 2.9 0.6 6 0.9 9 1.3C57.8 154.5 67.7 156 77.7 157.5z"/>
    <path class="st1" d="M186.8 173.8c-6.5-0.9-13-1.8-19.5-2.8 -3-0.4-5.9-0.9-8.9-1.4 3.3-18.6 6.7-37.2 10-55.8 4.8-26.7 9.6-53.4 14.5-80.1 0.6-3.5 1.2-6.9 1.9-10.4 0.9-4.6 4.5-8.2 9.1-8.6 7.4-0.7 14.8-0.4 22.2 0 4.2 0.3 6.5 4.2 5.5 8.8 -3.7 16.1-7.5 32.2-11.2 48.4 -7.7 33.2-15.3 66.3-23 99.5C187.2 172.1 187 173 186.8 173.8z"/>
    <path class="st2" d="M150.5 168.3c-9.6-1.1-19.2-2.7-28.7-4.2 1.5-16.7 3-33.3 4.5-50 1.6-17.8 3.2-35.7 4.8-53.5 0.6-6.5 1.2-13.1 1.7-19.6 0.5-7.3 4.4-10.9 11.7-11 4.5 0 8.9 0 13.4 0 6.5 0.1 9.6 3.5 8.8 9.9 -3.2 25.6-6.4 51.2-9.6 76.8 -2 16.4-4.1 32.9-6.1 49.3C150.9 166.9 150.7 167.6 150.5 168.3z"/>
    <path class="st1" d="M115.2 163.1c-9.8-1.3-19.6-2.7-29.4-4.4 -0.6-32.8-1.3-65.6-1.9-98.4 -0.1-7.6 3.1-10.8 10.6-10.9 4.6 0 9.3 0 13.9 0 5.9 0.1 9.4 3.6 9.3 9.5 -0.7 33.8-1.4 67.6-2.2 101.5C115.5 161.3 115.3 162.2 115.2 163.1z"/>
    <path class="st2" d="M77.7 157.5c-9.9-1.5-19.8-3-29.7-4.5 -1.5-20.3-2.9-40.6-4.4-60.9 -0.1-1-0.1-2-0.1-3 0-4.8 3.1-8.4 8-8.6 4.7-0.2 9.4-0.2 14.1 0 5.2 0.2 9 4.1 9.2 9.2 1 21.1 2 42.2 2.9 63.3C77.7 154.5 77.7 156 77.7 157.5z"/>
    <path class="cart" d="M81.5 204.2C80.7 217 70.6 226.1 58 225.3c-11.8-0.8-20.8-11.3-20.1-23.5 0.7-11.6 11.2-21.1 22.5-20.3C73 182.3 82.3 192.3 81.5 204.2z"/>
    <path class="cart" d="M180.3 220.5c0 12.3-9.6 21.9-21.9 22 -12 0.1-21.8-9.6-21.9-21.7 -0.2-11.9 9.6-21.9 21.7-22C170.4 198.6 180.3 208.3 180.3 220.5z"/>
    <path class="font" d="M1255.3 118.7c-2.6-21-12.1-31.9-30.9-34.9 -16.1-2.6-32.2-2.7-48.3-0.1 -18.2 2.9-27.7 12.4-30.8 30.4 -2.7 16.1-2.7 32.2-0.1 48.2 3.1 18.3 12.2 27.3 30.5 30.7 2.5 0.5 5.3-0.1 7.5 1.7 10.7 0 21.3 0 32 0 3-1.7 6.3-1.3 9.5-1.9 16.9-3.1 26.3-12.4 29.5-29.3 0.5-2.6 0.1-5.6 2-7.9 0-11 0-22 0-33C1254.7 121.8 1255.5 120.1 1255.3 118.7zM1213.2 156c-1.2 6.7-5.7 9.6-13.2 9.6 -7.4 0.1-11.8-2.8-13.6-9.2 -0.4-1.3-0.8-2.6-0.8-3.9 -0.1-4.8 0-9.6 0-14.5 0-5.8-0.8-11.7 0.8-17.4 1.9-6.7 6.2-9.7 13.8-9.6 7.5 0.1 11.9 2.9 13.1 9.7C1215.4 132.5 1215.4 144.3 1213.2 156z"/>
    <path class="font" d="M773 83c-11.7 0.1-23.3 0.2-35 0 -3-0.1-4 1.1-4.6 3.8 -4.3 19-8.7 37.9-13.1 56.8 -0.6 2.5-0.4 6.5-3.3 6.6 -3.1 0.1-2.9-4-3.4-6.4 -4.5-18.8-8.9-37.5-13-56.4 -0.8-3.5-2.1-4.5-5.6-4.4 -11 0.2-22 0.2-33 0 -4.2-0.1-5 0.8-3.7 4.9 8.4 26.1 17.1 52.1 24.6 78.5 3.9 13.7 8.9 25.3 24.5 28.4 6.3 0 12.7 0 19 0 1.6-1.7 3.9-1.3 5.9-2 7-2.4 12.3-6.6 14.6-13.9 9.7-30.7 19.3-61.5 29.1-92.2C776.9 83.6 775.9 83 773 83z"/>
    <path class="font" d="M651.9 123.6c-0.4-21.2-12.1-34.7-33-39.1 -9.7-2.1-19.6-1.4-29.4-1.3 -3.6 0-4.4-1.1-4.3-4.5 0.2-8.8-0.1-17.7 0.2-26.5 0.1-3.3-0.5-4.6-4.2-4.5 -10.8 0.3-21.7 0.3-32.5 0 -3.6-0.1-4.4 1-4.4 4.4 0.2 22.8 0.1 45.7 0.1 68.5 0 22.8 0.1 45.7-0.1 68.5 0 3.8 1 4.8 4.7 4.7 10.3-0.3 20.7-0.3 31 0 4.4 0.2 5.5-1 5.5-5.4 -0.2-23.8-0.1-47.7-0.1-71.5 0-1.8-1.3-4.3 2.6-4.5 14.6-0.8 21.9 5.4 23 19.9 0.2 2 0.1 4 0.1 6 0 17.2 0.1 34.3-0.1 51.5 0 3 0.6 4.1 3.8 4 11.2-0.2 22.3-0.2 33.5 0 2.9 0 3.7-0.9 3.7-3.7C652 167.9 652.4 145.7 651.9 123.6z"/>
    <path class="font" d="M1130.3 121.5c-0.3-21.5-14.1-35.9-35.4-37.8 -16.9-1.5-34-0.9-50.9-0.4 -14.6 0.4-20.6 7.2-20.8 21.8 -0.2 13.7 0 27.3 0 41 0 0 0 0 0 0 0 14.5 0.1 29-0.1 43.5 0 3.2 0.8 4.3 4.1 4.2 10.8-0.2 21.7-0.2 32.5 0 3.6 0.1 4.4-1.1 4.4-4.5 -0.2-15.7-0.1-31.3-0.1-47 0-7.7 0.1-15.3 0.1-23 0-3 0.8-6 4.3-6.4 11.4-1.4 21.2 0.1 21.1 15 0 1.7 0.1 3.3 0.1 5 0 18.7 0.2 37.3 0 56 0 4.1 1.2 5 5 4.9 10.7-0.2 21.3-0.2 32 0 2.9 0 4.1-0.5 4-3.8C1130.4 167.1 1130.7 144.3 1130.3 121.5z"/>
    <path class="font" d="M528.4 121.6c-0.4-21.9-14-36-35.9-37.9 -16.8-1.4-33.6-0.9-50.4-0.4 -14.7 0.4-20.8 7.4-20.9 22.3 -0.1 13.5 0 27 0 40.5 0 14.5 0.1 29-0.1 43.5 0 3.1 0.6 4.3 4.1 4.3 10.8-0.2 21.7-0.2 32.5 0 3.4 0.1 4.6-0.8 4.5-4.4 -0.2-12.3-0.1-24.6-0.1-37 0-10.8 0-21.7 0-32.5 0-3.4 0.6-6.6 4.7-7.1 12.1-1.4 20.9 0.9 20.7 15.5 0 2.5 0.2 5 0.2 7.5 0 17.8 0.1 35.6-0.1 53.5 0 3.4 0.8 4.6 4.4 4.5 10.8-0.2 21.7-0.2 32.5 0 2.8 0 4.2-0.3 4.1-3.7C528.5 167.2 528.8 144.4 528.4 121.6z"/>
    <path class="font" d="M962.4 83c-11 0-22 0-32.8 1.9 -18.3 3.3-28.5 13.4-31.5 31.8 -2.1 12.7-0.4 25.6-0.9 36.1 0 13.8 0.1 25.3-0.1 36.7 -0.1 3.3 1 4.2 4.2 4.2 10.6-0.2 21.3-0.3 32 0 4.1 0.1 4.9-1.3 4.9-5.1 -0.2-16.5-0.2-33 0.1-49.4 0.3-17.8 7.3-27.4 24.5-26.8 2.6 0.1 3-1.2 3-3.4 -0.1-7.7-0.1-15.3 0-23C965.6 83.7 964.7 83 962.4 83z"/>
    <path class="font" d="M1004.8 159c0-2.4-0.7-3.2-3.2-3.2 -10.3 0.1-20.7 0.1-31 0 -2.4 0-3.2 0.9-3.1 3.2 0.1 5.2 0 10.3 0 15.5 0 5.2 0.1 10.3 0 15.5 0 2.3 0.3 3.7 3.2 3.6 10.3-0.1 20.7-0.1 31 0 2.5 0 3.1-0.9 3.1-3.2C1004.7 180 1004.7 169.5 1004.8 159z"/>
    <path class="font" d="M381.9 83.2c-15.9-2-32-2.2-47.9 0.1 -18.7 2.6-25 9.3-28.3 28.1 -0.3 1.8 0.5 4-1.4 5.5 0 13.3 0 26.7 0 40 1.6 0.8 0.9 2.4 1 3.6 2.9 21.3 10.1 31.6 33.2 32.8 21 1.1 42 0.2 63 0.5 2.8 0 2.8-1.4 2.8-3.4 -0.1-7.2-0.2-14.3 0.1-21.5 0.1-3.3-1.1-3.8-4-3.8 -11.8 0.1-23.7 0.1-35.5 0.1 -4 0-8-0.1-11.9-1.3 -3.8-1.2-6.2-3.6-7.3-7.5 -0.9-3.2-0.5-4.8 3.5-4.7 13.5 0.2 27 0.2 40.5 0.1 10.5-0.1 15.9-4.8 17.7-15.2 1.7-10 1.1-19.9-0.9-29.8C403.6 91.9 396.7 85.1 381.9 83.2zM367.3 119.3c-0.2 4.9-2.1 6.4-8.5 6.4 -1.5 0-3 0-4.5 0 -0.4 0-0.8 0.1-1.1 0.1 -0.1 0-0.2 0-0.3-0.1 -2.5-1-6.8 2.5-7.5-2.5 -1-6.8 2.3-11.7 7.7-12.5 2.1-0.3 4.3-0.4 6.4-0.3C365.9 110.9 367.6 112.9 367.3 119.3z"/>
    <path class="font" d="M857.4 83.1c-17.1-1.9-34.2-2-51.3 0.7 -13.2 2.1-21.2 9.4-23.5 22.4 -3.6 20.5-3.7 41.1 0 61.6 2.8 15.8 11.9 23.3 28 25 12 1.3 24 0.5 34.1 0.8 11.7 0 21.5-0.2 31.4 0.1 3.6 0.1 4.5-1.1 4.4-4.5 -0.3-6.3-0.3-12.7 0-19 0.2-4-0.8-5.4-5.1-5.3 -11.5 0.3-23 0.1-34.5 0.1 -4 0-8-0.1-11.9-1.3 -3.8-1.2-6.3-3.6-7.3-7.5 -0.8-3.1-0.5-4.8 3.5-4.7 13.3 0.2 26.6 0.1 40 0.1 11.1-0.1 16.6-4.9 18.3-15.7 1.6-9.7 0.9-19.3-0.9-28.8C879.6 92 872.4 84.8 857.4 83.1zM843.3 119.2c-0.2 4.9-2.2 6.4-8.5 6.5 -1.5 0-3 0-4.5 0 -0.5 0-1.1 0.1-1.5 0.1 -0.2 0-0.3-0.1-0.4-0.1 -2.3-1.1-6.4 2.7-7.1-2.4 -0.8-6.3 2-11.4 6.7-12.4 2.4-0.5 5-0.6 7.4-0.4C841.8 110.9 843.6 113 843.3 119.2z"/>
</svg>

                <p class="small muted">Uavhengig pristest, 23. mai 2016</p>
                </a>
            </div>
            <div class="col-xs-6 col-sm-4 col-md-3">
                <a target="_blank" rel="nofollow noopener noreferrer" href="https://www.aftenposten.no/okonomi/Slik-gikk-det-da-vi-testet-matbutikk-pa-nett-8352570.html">
                    <h4>
                        Kolonial.no billigst på nett
                    </h4>
                    <svg xmlns="http://www.w3.org/2000/svg" width="220" height="60" viewBox="0 0 219.7 60.4" class="media-outlet-logo aftenposten" aria-label="Aftenposten">
    <title>Aftenposten</title>
  <path class="logotype" d="M219.2 42.1c0 0-1.5 1.1-2.2 1 -0.7-0.2-1.2-0.8-1.2-1.8l-0.1-2.5 0-15.1c0-2.9-3-4.8-5.4-6.1l-6 4.9c-0.5-2.2-2.3-3.7-4.4-4.8l-6.4 5.2 0.5 0.6c0 0 1.1-0.8 1.9-0.7 0.7 0.1 1 0.4 1 1.4l0.1 2.5V47h7.5l0-22.6c0-0.3 0.1-0.6 0.2-0.9 0.3-0.5 0.9-0.8 1.6-0.8 0.9 0 1.8 0.4 1.8 1.4l0.1 2.5 0 14v1.2c0 2.9 2.1 4.7 4.6 5.9l6.9-5.1L219.2 42.1"/>
  <path class="logotype" d="M127.1 23.6c0-2.9-3-4.8-5.4-6.1l-6 4.9c-0.5-2.2-2.3-3.7-4.5-4.8l-6.4 5.2 0.5 0.6c0 0 1.1-0.8 1.9-0.7 0.7 0.1 1 0.4 1 1.4l0.1 2.5 0 29.4c0 1.9-0.9 3.3-2.2 4.4 0 0 4.1 0.2 7.7-3.5 0 0 2 2 4.9 1.4 0 0-2.5-0.8-2.8-5.1v-9.6l5.8 4.2c2.4-1.2 5.4-3.2 5.4-6.1V23.6zM117.7 43.4c-0.8 0-1.4-0.3-1.7-0.8 -0.1-0.2-0.2-0.5-0.2-0.8V26.6h0v-2c0 0 0 0 0 0 0-0.3 0-0.7 0.2-1.1 0.3-0.5 0.9-0.8 1.6-0.8 0.9 0 1.8 0.4 1.8 1.4l0.1 2.5h0v13.7l0 1.4C119.5 43 118.5 43.4 117.7 43.4"/>
  <path class="logotype" d="M107.2 42.1c0 0-1.5 1.1-2.2 1 -0.7-0.2-1.2-0.8-1.2-1.8l-0.1-2.5 0-15.1c0-2.9-3-4.8-5.4-6.1l-6 4.9c-0.5-2.2-2.3-3.7-4.4-4.8l-6.4 5.2 0.5 0.6c0 0 1.1-0.8 1.9-0.7 0.7 0.1 1 0.4 1 1.4l0.1 2.5V47h7.5l0-22.6c0-0.3 0.1-0.6 0.2-0.9 0.3-0.5 0.9-0.8 1.6-0.8 0.9 0 1.8 0.4 1.8 1.4l0.1 2.5 0 14v1.2c0 2.9 2.1 4.7 4.6 5.9l6.9-5.1L107.2 42.1"/>
  <path class="logotype" d="M63.5 42.1c0 0-1.5 1.1-2.2 1 -0.7-0.2-1.2-0.8-1.2-1.8L60 39c0 0 0-9.5 0-16.1h2.1v-2.4H60c0-2.1 0-3.6 0-3.7 0-0.6 0.1-2.1 0.6-3.5 0.8-2 2.8-3.5 2.8-3.5l-0.7-0.7c-1.2 1.1-7 5.3-8.7 6.6 -1.2 0.9-1.4 2.1-1.5 2.7h0l0 2.1h-2V23h2l0 18.8c0 2.9 2.1 4.7 4.6 5.9l6.9-5.1L63.5 42.1"/>
  <path class="logotype" d="M61.2 7.8l-1.8 1.2c-1.3 0.8-2.6 0.6-3.9-0.1 -1.3-0.6-2.2-2.2-2.2-2.2s-11.4 7.5-11.9 7.8c-0.5 0.3-0.9 0.7-1.3 1.5l0 0c-0.3 0.8-0.4 1.9-0.5 2.5h0v2.1h-1.9V23h1.9l0 32.9h1.6v-5.1c0.1-2.1 0.9-3.7 3.1-4.5l1.6-0.6c0.8-0.3 1.3-1 1.3-1.8 0-1.3 0-21 0-21H49v-2.4h-1.8l0-8.2 0 0c0 0 1 0.6 2.8 1.8 1.8 1.2 4-0.2 4.8-0.7 0.8-0.5 6.9-5.1 6.9-5.1L61.2 7.8"/>
  <path class="logotype" d="M175.5 42.1c0 0-1.5 1.1-2.2 1 -0.7-0.2-1.2-0.8-1.2-1.8L172 39V23h2.1v-2.4H172c0 0 0-3.3 0-3.7 0-0.6 0.1-2.1 0.6-3.5 0.8-2 2.8-3.5 2.8-3.5l-0.7-0.7c-1.2 1.1-7 5.3-8.7 6.6 -1.2 0.9-1.4 2.1-1.4 2.7h0v2.1h-2V23h2l0 18.8c0 2.9 2.1 4.7 4.6 5.9l6.9-5.1L175.5 42.1"/>
  <path class="logotype" d="M173.1 7.8l-1.8 1.2c-1.3 0.8-2.6 0.6-3.9-0.1 -1.3-0.6-2.2-2.2-2.2-2.2s-11.4 7.5-11.9 7.8c-0.5 0.3-0.9 0.7-1.3 1.5l0 0c-0.3 0.8-0.4 1.9-0.4 2.5h0l0 37.4h1.6v-5.1c0.1-2.1 0.9-3.7 3.1-4.5l1.6-0.6c0.8-0.3 1.3-1 1.3-1.8 0-1.3 0-31.6 0-31.6v0c0 0 1 0.6 2.8 1.8 1.8 1.2 4-0.2 4.8-0.7 0.8-0.5 6.9-5.1 6.9-5.1L173.1 7.8"/>
  <path class="logotype" d="M80.3 40.9c-1.9 1.2-4.3 1.8-6.4 0.9 -1.7-0.7-2.1-1.6-2.1-3.5v-0.6h0v-1.3c0-0.5 0.9-0.6 1.2-0.6 1.9-0.3 3.8-1.2 5.3-2.8 1.6-1.6 3.8-6.7 1.4-11.7 -0.6-1.2-2.5-2.8-3.8-3.5 0 0-10 5-10.2 5.2 -0.4 0.2-0.7 0.5-1 1 -0.3 0.5-0.4 1.3-0.4 1.7l0 0 0 11.8h0c0 0.4 0 0.8 0 1.2V39h0c0.2 3.5 1.3 5.4 5.1 7.1l3 1.6 8.4-6.1L80.3 40.9zM74.7 28.7c0 1.9-1 4.2-1.7 4.9 -0.6 0.7-0.8 0.8-1.3 0.9v-9.4h0v-3.3C72.4 22 74.6 24.2 74.7 28.7"/>
  <path class="logotype" d="M192.5 40.9c-1.9 1.2-4.3 1.8-6.4 0.9 -1.7-0.7-2.1-1.6-2.1-3.5v-0.6h0v-1.3c0-0.5 0.9-0.6 1.2-0.6 1.9-0.3 3.8-1.2 5.3-2.8 1.6-1.6 3.8-6.7 1.4-11.7 -0.6-1.2-2.5-2.8-3.8-3.5 0 0-10 5-10.2 5.2 -0.4 0.2-0.7 0.5-1 1 -0.3 0.5-0.4 1.3-0.4 1.7l0 0 0 11.8h0c0 0.4 0 0.8 0 1.2V39h0c0.2 3.5 1.3 5.4 5.1 7.1l3 1.6 8.4-6.1L192.5 40.9zM187 28.7c0 1.9-1 4.2-1.7 4.9 -0.6 0.7-0.8 0.8-1.3 0.9v-9.4h0v-3.3C184.6 22 186.9 24.2 187 28.7"/>
  <path class="logotype" d="M148.9 39.7V25.3h0l0-0.3c0-1.9-1-2.8-2.5-3.6 -0.5-0.3-3.8-2.6-4.1-3.7 0 0-7.8 2.9-8.7 3.3 -0.8 0.3-2.8 1.2-3.4 2.3 -0.5 1.1-0.5 1.7-0.5 2.1v13.9l0 1.1c0 1.9 1 2.8 2.5 3.6 0.5 0.3 3.9 2.7 4.1 3.8 0 0 7.7-3.1 8.7-3.4 0.8-0.3 2.8-1.2 3.4-2.3C149 40.8 148.9 40.2 148.9 39.7zM137.3 37V25.3h0v-3.4c1.1 0 4 2.2 4.1 7v11.9l0 0v2.8C140.5 43.6 137.6 41.5 137.3 37"/>
  <path class="logotype" d="M19.1 14.8c0 0 0.1-3.8 0.1-5.4 0-1.8 1.7-3.1 3.6-3.1 1.6 0 3.4 1 3.5 2.9 0.1 1.4 0.1 5 0.1 5v7.1h-7.3v-5.5L19.1 14.8zM8.1 36.9c0-1 0.4-1.6 0.8-1.8C8.9 35 9 35 9 34.9c0.5-0.2 1.1-0.1 1.1-0.1 0 0.4 0 1.2 0 1.2 0 1.9-0.9 2.3-2.1 2.2C8 37.8 8.1 36.9 8.1 36.9zM26.4 31.2c0 1.6-0.2 4-2.2 6.2 -1.9 2.1-4.2 2.9-6.3 3.5 -2.5 0.7-6.3 0.6-8.5-0.9 -0.6-0.4-0.9-0.8-1.1-1.1 0.7 0.2 1.6 0.2 2.3 0.2 3.8 0 8.5-1.4 8.5-6v-7.5l0 0v-0.8h7.3L26.4 31.2C26.4 31.2 26.4 31.2 26.4 31.2zM26.4 40.8c0 3.4 2.5 5.5 5.4 7l8.7-6.1c0 0-0.9-1.9-0.9-1.6 0 0.3 0 0.8-0.2 1.2 -0.3 0.5-1.1 0.8-2 0.9 -0.9 0-2-0.4-2-1.6l-0.1-2.8h0V21.1h0c0 0 0-5.8 0-10.3 0-4.5 2.3-4.7 2.3-4.7V5.6C32.6 5.4 31.8 0 31.8 0h-0.5c-1.3 2.1-5.2 3.6-9.1 4.3 -6.8 1.3-12.1 1.1-12.1 7.9v0h0v20.4h0c0 0.3 0 0.6 0 0.9 -0.4-0.6-1.7-1.8-5.2-1.3 -3.4 0.5-4.4 3.1-4.7 3.8 -0.4 1.4-0.5 5.6 1.2 7.9 1.5 2 4.2 4.5 10.2 3.8 6.1-0.7 9.9-4.3 11.8-6.3 1.5-1.5 2.4-2.7 2.9-3.5L26.4 40.8"/>
</svg>

                    <p class="small muted">12. februar 2016</p>
                </a>
            </div>
            <div class="hidden-xs col-sm-4 col-md-3">
                <a href="/lave-priser/">
                    <h4>
                        Kolonial.no billigst på nett
                    </h4>
                    <svg xmlns="http://www.w3.org/2000/svg" width="175" height="51" viewBox="0 0 175.4 51.1" class="media-outlet-logo dagbladet" aria-label="Dagbladet">
    <title>Dagbladet</title>
  <rect class="bakgrunn" width="175.4" height="51.1"/>
  <path class="logotype" d="M57.6 21.4c0-1 0.1-2.3 0.7-2.9 0.3-0.3 0.6-0.4 1-0.4 0.6 0 1 0.2 1.4 0.5 0.5 0.5 0.7 1.3 0.7 2.5v10c0 1.4-0.2 2.9-1.9 2.9 -0.5 0-0.9-0.1-1.2-0.4 -0.4-0.4-0.6-1-0.6-1.9C57.6 31.5 57.6 21.4 57.6 21.4zM61.7 12.9v2.6c-1.1-2.1-2.9-3.2-5.2-3.3 -2.1 0-3.6 0.9-4.7 2.7 -0.8 1.4-1.2 3.4-1.2 5.5v11.7c0 2.5 0.8 4.7 2.1 6 1 1 2.3 1.5 3.9 1.5 1.7 0 3.2-0.8 4.7-2.4v4.5c0 1.4-0.5 1.7-1.9 1.8 -0.8 0.1-1.3 0-1.6-0.3 -0.3-0.3-0.4-0.9-0.4-1.8v-0.1h-7l0 0.1c0.2 6 4.3 6.8 8.7 6.8 3.2 0 5.6-0.8 7.2-2.3 1.3-1.3 1.9-3.1 1.9-5.3V12.9H61.7z"/>
  <path class="logotype" d="M81.6 31.5c0 1.1 0 2.6-0.7 3.3 -0.3 0.3-0.7 0.4-1.2 0.4 -0.4 0-0.7-0.1-1-0.4 -0.8-0.8-1-2.7-1-3.8V22c0-1.2 0.1-2.8 0.8-3.5 0.3-0.3 0.7-0.5 1.2-0.5 0.4 0 0.8 0.1 1.1 0.4 0.7 0.7 0.7 2.3 0.7 3.3v9.6V31.5zM82.7 12.3c-2.3 0-4 0.8-4.9 2.4V4.9h-7v35.3h6.5v-2.4c1.1 1.9 3 3.1 5.3 3.2 4-0.1 6-3.1 6-8.9V20.5c0-1.7-0.3-4.9-2.2-6.8C85.4 12.7 84.2 12.3 82.7 12.3z"/>
  <path class="logotype" d="M110 35.8c-0.7 0-1.3-0.2-1.7-0.6 -0.4-0.4-0.6-1-0.6-1.8v-1.7c0-1.7 0.8-2.4 1.5-2.9 0.5-0.4 1.1-0.7 1.9-1 0.4-0.2 0.8-0.4 1.3-0.6v3 2.1C112.3 34 111.8 35.8 110 35.8zM110.1 12.3c-3.3 0-5.8 0.8-7.4 2.5 -1.3 1.4-1.9 3.3-1.8 5.8l0 0.1h7l0-0.4c0.1-1.9 0.2-3.3 2.4-3.3 0.5 0 1 0.2 1.3 0.5 0.4 0.4 0.7 1.1 0.7 1.8v1.3c0 2-1.8 2.5-4.2 3.2 -0.5 0.1-1 0.3-1.6 0.5 -2.9 1-5.9 2.7-5.9 8.1v2.2c0 1.9 0.6 3.6 1.8 4.7 1.1 1.1 2.7 1.7 4.5 1.7 2.6 0 4-0.9 5.6-2.6l0 1.9h6.7l0-20.7c0-2.5-0.5-4.1-1.7-5.3C116.2 12.9 113.8 12.3 110.1 12.3z"/>
  <path class="logotype" d="M39.3 35.8c-0.7 0-1.3-0.2-1.7-0.6 -0.4-0.4-0.6-1-0.6-1.8v-1.7c0-1.7 0.8-2.4 1.5-2.9 0.5-0.4 1.1-0.7 1.9-1 0.4-0.2 0.8-0.4 1.3-0.6v3 2.1C41.6 34 41.1 35.8 39.3 35.8zM39.4 12.3c-3.3 0-5.8 0.8-7.4 2.5 -1.3 1.4-1.9 3.3-1.8 5.8l0 0.1h7l0-0.4c0.1-1.9 0.2-3.3 2.4-3.3 0.5 0 1 0.2 1.3 0.5 0.4 0.4 0.7 1.1 0.7 1.8v1.3c0 2-1.8 2.5-4.2 3.2 -0.5 0.1-1 0.3-1.6 0.5 -2.9 1-5.9 2.7-5.9 8.1v2.2c0 1.9 0.6 3.6 1.8 4.7 1.1 1.1 2.7 1.7 4.5 1.7 2.6 0 4-0.9 5.6-2.6v1.9h6.7l0-20.7c0-2.5-0.5-4.1-1.7-5.3C45.5 12.9 43.1 12.3 39.4 12.3z"/>
  <path class="logotype" d="M128.5 21.9c0-1.1 0-2.7 0.7-3.4 0.3-0.3 0.7-0.4 1.2-0.4 0.4 0 0.6 0.1 0.9 0.3 0.6 0.6 0.9 1.9 0.9 3.9v9.1c0 2.4-0.3 3.9-1.9 3.9 -0.5 0-0.8-0.1-1.1-0.4 -0.7-0.7-0.7-2.2-0.7-3.2V22 21.9L128.5 21.9zM132.2 4.9v10c-1.3-1.7-2.9-2.6-4.8-2.6 -5.4 0-5.9 6.3-5.9 8.2v11.7c0 5.8 2 8.8 6 8.9 2 0 3.9-1.2 5.2-3.2v2.5h6.5V4.9H132.2z"/>
  <path class="logotype" d="M152.6 24.2h-4.3V20c0-1.2 0.2-2 0.7-2.5 0.4-0.4 0.9-0.5 1.5-0.5 0.6 0 1.1 0.2 1.4 0.6 0.5 0.5 0.7 1.2 0.7 1.7L152.6 24.2 152.6 24.2zM150.5 12.3c-2.8 0-5 0.6-6.5 1.8 -1.7 1.4-2.6 3.5-2.6 6.4v13.1c0 2.1 0.6 3.8 1.9 5.1 2 2 5 2.4 7.2 2.4 3.1 0 5.5-0.9 7-2.5 1.4-1.5 2.1-3.7 1.9-6.6l0-0.1h-6.9l0 0.1c0 0.2 0 0.5 0 0.7 0 1.2-0.1 2.3-0.7 2.8 -0.3 0.3-0.8 0.4-1.5 0.4 -1.7-0.1-1.9-1.7-1.9-2.3v-4.7h11.3v-9.7c0-1.9-0.6-3.5-1.8-4.6C155.8 12.6 152.7 12.2 150.5 12.3z"/>
  <path class="logotype" d="M169.3 12.9v-5h-7v5h-2.1V18h2.1v17c0 1.8 0.5 3.2 1.4 4.1 1 1 2.4 1.5 4.3 1.5 1.5 0 3-0.2 4.3-0.4l0.1 0v-5c0 0-0.6 0-0.6 0 -0.4 0-0.7 0-1.3 0.1 -0.5 0-0.8-0.1-1-0.3 -0.2-0.2-0.3-0.6-0.3-1.2V18h3.2v-5.1H169.3L169.3 12.9z"/>
  <path class="logotype" d="M16.1 10.9c3.5 0.1 4.6 0.3 4.6 3.9 0 0 0 13.8 0 13.8 0.1 2.5 0.1 4.1-0.8 5 -0.7 0.6-1.9 0.9-3.8 0.8V10.9zM24.7 6.4c-2.4-1.4-5.6-1.5-8.4-1.5H8.4v35.3h9.9c2.2 0 4.6-0.2 6.6-1.5 2.1-1.3 3.2-3.6 3.2-6.9 0 0 0-17.5 0-17.5C28.1 11.4 27.7 8.2 24.7 6.4z"/>
  <path class="logotype" d="M99.9 36.3c-0.7 0-1.2-0.2-1.6-0.5 -0.4-0.4-0.6-1.2-0.6-2.3V4.9h-6.9v27.7c0 3.2 0.8 5.2 2.4 6.4 1.4 1 3.4 1.5 6.7 1.5L99.9 36.3z"/>
</svg>

                    <p class="small muted">4. juli 2016</p>
                </a>
            </div>
            <div class="col-xs-6 col-sm-4 col-md-3">
                <a target="_blank" rel="nofollow noopener noreferrer" href="https://www.dinepenger.no/forbruker/stor-pristest-store-forskjeller-for-mat-paa-doeren/23558624">
                    <h4>
                        «Billigst. Best i bruk.»
                    </h4>
                    <svg xmlns="http://www.w3.org/2000/svg" viewBox="0 0 2727.2 333.4" class="media-outlet-logo dinepenger" aria-label="E24 Dine Penger">
<title>E24 Dine Penger</title>
  <path class="st0" d="M0 0c75 0 150.1 0 226.2 0 0 110.9 0 220.7 0 332 -33.7 0-67.2-0.2-100.7 0C83.6 332.3 41.8 333 0 333.4 0 222.3 0 111.1 0 0zM29.3 28.6c0 92.1 0 182.9 0 274.6 56.8 0 112.9 0 169.5 0 0-17 0-33.1 0-50.9 -39.6 0-78.5 0-118.5 0 0-16.5 0.7-31.4-0.2-46.2 -0.7-11 2.7-14.3 13.9-14 34.8 0.8 69.7 0.3 104.3 0.3 0-18.4 0-34.9 0-52.6 -39.7 0-78.2 0-117.2 0 0-20.1 0-39 0-59.1 36.2 0 71.6 0.2 106.9-0.3 3.8 0 10.7-3.7 10.8-6 1-15.1 0.5-30.3 0.5-45.7C141.7 28.6 86.3 28.6 29.3 28.6z"/>
  <path class="st1" d="M255.6 0.2c5.4 0 9.1 0 12.7 0 126.5 0 252.9 0 380.5 0 0 110.5 0 220.3 0 331.1 -130.8 0-261.7 0-393.2 0C255.6 220.8 255.6 111.4 255.6 0.2zM419.3 69.2c-0.7-1.2-1.4-2.4-2.1-3.5 -15.7-11.2-30-28.2-47.4-32.4 -25.7-6.3-53.6-3.7-80.6-4.4 -2-0.1-5.9 3.5-6 5.4 -0.5 15.1-0.3 30.3-0.3 46.3 19.9 0 37.6-0.2 55.3 0.1 23.1 0.4 38.7 15 36.4 37.9 -1.4 13.6-7.1 28.3-15.1 39.5 -17 23.9-34.8 47.9-56 67.9 -24.1 22.7-21.8 48.9-19.7 76.9 79.2 0 157.7 0 236.9 0 0-13.9 1-26.6-0.5-39 -0.5-4.2-7.3-10.8-11.4-10.9 -42-0.8-84-0.5-126-0.4 -9 0-18 0-30 0 20.5-26.6 38.6-50.2 56.8-73.7C436.4 144.3 440.2 107.9 419.3 69.2zM571.4 28.8c0 55.6-0.1 110 0.3 164.4 0 2.7 4.2 7.4 6.6 7.6 14.2 0.7 28.5 0.4 43.1 0.4 0-58.4 0-115 0-172.3C605 28.8 589.3 28.8 571.4 28.8zM453.1 201.1c22.2 0 41.5 0.2 60.8-0.3 2.3-0.1 6.4-4.1 6.5-6.3 0.4-30 0.3-60 0.3-94.7C496.9 135.4 475.8 167.1 453.1 201.1zM621.6 250.2c-17.8 2-38.5-1.4-48.3 7.4 -7.5 6.8-7.1 36.7 0.3 42.4 10.8 8.3 31.2 3.9 47.9 5C621.6 286.1 621.6 270 621.6 250.2z"/>
  <path class="st2" d="M1275.5 329.8c2.1-15.9 5.4-30.7 5.6-45.5 0.7-53.2 0.7-106.5-0.1-159.7 -0.2-11.7-4.5-23.3-6.8-34.9 -3.4-0.2-6.8-0.5-10.2-0.7 -3.8 13.9-10.6 27.7-10.9 41.6 -1.3 60.7-0.5 121.4-0.9 182.1 0 5.8-4.5 16.8-5.6 16.6 -11.8-1.7-29.5-1.4-34.1-8.7 -37.6-60.6-72.7-122.7-108.6-184.3 -0.9-1.6-2-3.1-5.1-4.4 5.4 65.4-12.9 132.2 10.8 197 -9 0-22.1 0-35.3 0 15-45.6 17.1-209.7 2.2-240.3 30.1 0 59.2-0.3 88.2 0.4 3.6 0.1 8.1 5.6 10.4 9.6 20.8 35.2 41.3 70.6 63.9 105.3 -2.7-38.4 11.9-78.8-15.9-115.5 70.3 0 140.3 0 211.7 0 2 19.1 4.2 39.5 6.4 59.8 -19.9-28.4-39-54.1-79-49.8 0 33.5 0 66.4 0 99.7 27.7 4 41.9-10.2 50.5-34 0 25.5 0 50.9 0 83.7 -9.3-29.2-23.2-43.6-50.4-38.8 0 36.9 0 73.9 0 111.5 45.9 3 64.8-28.4 84.6-68.5 -2.7 28.6-4.5 50.5-7.1 72.3 -0.3 2.1-5.1 5.3-7.9 5.3C1378.8 329.8 1325.8 329.8 1275.5 329.8z"/>
  <path class="st2" d="M2294.7 92.2c0 23.1 0 49.8 0 76.8 -9.8-17.7-17.4-37.1-30.1-52.3 -9.1-10.9-25.6-23.2-37.5-21.9 -10.2 1.1-24 19.3-26.6 32 -12.4 59.8-13.2 120.3 1.1 180.1 1.7 7.1 11.7 12.1 17.9 18.1 5.7-6.9 15.4-13.3 16.4-20.8 5.1-37.9 7.1-61.9-9.9-87.2 31.1 0 61.5 0 87.6 0 0 36.9 0 73.9 0 110.9 -2.3 0.8-4.5 1.7-6.8 2.5 -8.2-6.2-16-12.9-24.7-18.3 -3.3-2-9.9-2.8-12.6-0.8 -61.5 44.5-134.3 18.6-155.5-55.8 -18.1-63.4 6.2-130.1 57.3-157 27.7-14.6 56.7-16.3 87-9.4C2269.4 91.5 2281.2 91.1 2294.7 92.2z"/>
  <path class="st2" d="M1935.2 127c-8.4 117.6-4.1 171.1 16.1 201.8 -13.7 0-26.7 0-36.5 0 14.5-79.9 7.2-159.3 4.9-240.8 24 0 53.2-0.3 82.3 0.4 3.3 0.1 7.4 5.1 9.6 8.7 21.1 35.7 41.8 71.6 64.6 107 -1.2-38.7 10.7-78.8-14.7-115.4 13.7 0 27.2 0 36.6 0 -2.7 17.9-7.4 35.3-7.7 52.7 -1 56.4-0.2 112.9-0.7 169.4 -0.1 6.3-4.4 18.3-5.5 18.1 -11.9-1.5-29.6-1-34.2-8.4 -36.5-58.4-70.4-118.5-105.2-178C1942.1 138.4 1939.5 134.1 1935.2 127z"/>
  <path class="st2" d="M1736.1 329.7c4.2-80.9 5.2-159.9-0.8-241 48.3 0 101.2 0 156.5 0 2.4 20 5.2 42.3 8.5 70 -7.5-12.4-11.4-20.8-17-27.7 -7.2-8.9-14.5-19.4-24.3-24.3 -11-5.6-24.7-5.9-37.3-8.6 -1.2 9.7-3.1 19.5-3.4 29.2 -0.5 23.2-0.2 46.5-0.2 69.5 25.6 5.1 35.2-1.2 51.9-34.6 0 27.8 0 53.5 0 83.9 -9.2-27-23.2-41.7-51.9-37.2 0 34.9-0.2 70.2 0.4 105.5 0 2.1 6.5 6 10 5.9 23.9-0.2 41.6-12 54.5-31.4 6.9-10.4 12.8-21.5 21-35.5 -2.5 25.2-4.2 47-7.2 68.7 -0.4 2.9-6.7 7.2-10.4 7.2C1834.9 329.9 1783.1 329.7 1736.1 329.7z"/>
  <path class="st2" d="M2415.5 204.9c0 38.9-0.3 72.9 0.5 106.9 0.1 3.1 7.1 8.9 10.7 8.8 28.5-1 47.1-17.7 60.7-41.2 3.4-5.9 6.6-11.9 13.4-17 -2.1 20.5-4.1 41-6.7 61.4 -0.3 2.1-4.2 5.2-6.4 5.2 -52.2 0.3-104.4 0.2-154.4 0.2 5.4-80.6 5-159.8 0.8-240.7 46.8 0 100.1 0 155.7 0 2.2 20.2 4.6 42.2 7.7 70.5 -19.4-35.9-37.8-65.4-80.9-60.6 0 33 0 65.9 0 99.5 28 5.3 41.6-10.9 51.6-38.3 0 30.8 0 56.6 0 82.3 -6.2-8.9-10.8-20.1-19.2-26.1C2440.5 209.6 2428.5 208.8 2415.5 204.9z"/>
  <path class="st2" d="M969 327.8c12-25.6 11.8-214.5-0.7-238.2 32.3 0 64 0 91.6 0 -5.4 79.1-5.1 157.9-0.2 238.2C1033.1 327.8 1001.5 327.8 969 327.8z"/>
  <path class="st3" d="M29.3 28.6c57 0 112.5 0 170.1 0 0 15.5 0.5 30.7-0.5 45.7 -0.1 2.3-7 5.9-10.8 6 -35.3 0.5-70.7 0.3-106.9 0.3 0 20.1 0 39 0 59.1 38.9 0 77.5 0 117.2 0 0 17.7 0 34.2 0 52.6 -34.7 0-69.5 0.5-104.3-0.3 -11.3-0.2-14.6 3.1-13.9 14 0.9 14.8 0.2 29.7 0.2 46.2 39.9 0 78.8 0 118.5 0 0 17.8 0 33.9 0 50.9 -56.5 0-112.7 0-169.5 0C29.3 211.5 29.3 120.7 29.3 28.6z"/>
  <path class="st3" d="M419.3 69.2c20.9 38.7 17.1 75.1-9.7 109.6 -18.3 23.5-36.3 47.1-56.8 73.7 12 0 21 0 30 0 42 0 84-0.3 126 0.4 4 0.1 10.8 6.7 11.4 10.9 1.5 12.4 0.5 25.1 0.5 39 -79.1 0-157.6 0-236.9 0 -2.1-27.9-4.4-54.1 19.7-76.9 21.2-20 39-44 56-67.9 8-11.2 13.7-25.9 15.1-39.5 2.3-23-13.3-37.6-36.4-37.9 -17.7-0.3-35.4-0.1-55.3-0.1 0-16-0.2-31.2 0.3-46.3 0.1-2 4-5.5 6-5.4 27 0.7 54.9-1.9 80.6 4.4 17.4 4.2 31.7 21.1 47.4 32.4C417.9 66.8 418.6 68 419.3 69.2z"/>
  <path class="st3" d="M571.4 28.8c17.9 0 33.6 0 50 0 0 57.3 0 113.9 0 172.3 -14.5 0-28.8 0.4-43.1-0.4 -2.4-0.1-6.6-4.9-6.6-7.6C571.3 138.8 571.4 84.4 571.4 28.8z"/>
  <path class="st3" d="M453.1 201.1c22.7-34.1 43.8-65.7 67.6-101.3 0 34.8 0.1 64.7-0.3 94.7 0 2.2-4.1 6.3-6.5 6.3C494.6 201.3 475.3 201.1 453.1 201.1z"/>
  <path class="st3" d="M621.6 250.2c0 19.8 0 35.9 0 54.7 -16.7-1.1-37.1 3.2-47.9-5 -7.5-5.7-7.9-35.6-0.3-42.4C583 248.8 603.8 252.2 621.6 250.2z"/>
  <path class="st0" d="M419.3 69.2c-0.7-1.2-1.4-2.4-2.2-3.6C417.9 66.8 418.6 68 419.3 69.2z"/>
  <path class="st2" d="M2711.9 282.5c-4-33.8-11.8-62.9-52.5-69.3 38.5-9.9 57.1-27.5 58.5-55.3 1.6-31.8-13.2-58.5-45.5-62.7 -53.1-7-107-7-157-9.8 7.7 84.1 6.9 163.5 1 243.6 27.4 0 59.2 0 87.4 0 0-37 0-73.1 0-109.4 15.1-0.9 22.6 5.3 24.7 22.1 3.2 25.9 6.2 51.7 10.2 77.5 0.6 3.9 5.7 10 8.8 10.1 28.1 0.8 56.3 0.5 79.6 0.5C2721.9 313.8 2713.8 298.5 2711.9 282.5zM2600.4 208.8c0-37.2 0-73.3 0-109.4 22.3-2.1 35.5 14.8 38 47.9C2641.2 183.2 2626.8 207.4 2600.4 208.8z"/>
    <path class="st2" d="M745.4 88.5c0.1 0 0.2 0 0.3 0 0.4 0 0.7 0 1.1 0 0-0.1 0-0.3 0-0.4C746.2 88.3 745.7 88.4 745.4 88.5z"/>
    <path class="st2" d="M745.4 88.5C744.2 88.6 743.2 89.1 745.4 88.5L745.4 88.5z"/>
    <path class="st2" d="M853.4 89.7c-35.4-2.7-71.1-1-106.6-1.2 5 81.4 6.3 159.9-0.9 239.9 33.3 0 70.1 1.6 106.8-0.4 54.5-2.9 90-34.2 102.4-86.7C973.6 162.1 929.9 95.6 853.4 89.7zM862.6 295.8c-5 18.1-13.4 23-32.3 24.8 0-73.9 0-147.7 0-222.5 19.2-2.3 28.3 9.4 32.2 23.8C878.4 179.8 878.6 238 862.6 295.8z"/>
  <path class="st2" d="M1675.7 97.1c-49.3-9.1-100.3-8.6-148.3-12 7.8 83.8 5.8 162.6 2 243.2 28.6 0 61.8 0 90 0 -2.9-17.6-6.3-34.6-8.4-51.8 -1.1-9.2-1.6-18.9 0.4-27.8 1.1-4.8 7.4-10.9 12.3-11.9 14.1-2.7 29-1.6 42.9-4.7 32.2-7.4 52.7-31.7 54.8-62.6C1723.8 133.4 1710 103.4 1675.7 97.1zM1611.6 226.3c0-43.1 0-85.3 0-127.4 20.8-2 34 17.6 35.8 51.7C1649.9 198.2 1637.2 226 1611.6 226.3z"/>
</svg>

                    <p class="small muted">20. november 2015</p>
                </a>
            </div>
            <div class="hidden-xs col-sm-4 col-md-3">
                <a target="_blank" rel="nofollow noopener noreferrer" href="http://blogg.kolonial.no/image/158740916870">
                    <h4>
                        Billigst på nett!
                    </h4>
                    <svg xmlns="http://www.w3.org/2000/svg" width="202" height="43" viewBox="0 0 201.8 42.7" class="media-outlet-logo budstikka" aria-label="Budstikka">
    <title>Budstikka</title>
    <path class="logotype" d="M0 2.8C0.8 3.3 1.7 3 2.6 3c4.1-0.1 8.2-0.3 12.2 0.2 1.7 0.2 3.3 0.6 4.8 1.4 2.8 1.4 4.2 3.8 4.5 6.8 0.1 1.3 0.1 2.7-0.1 4 -0.4 2.7-2 4.7-4.3 5.8 -0.1 0.3-0.1 0.4 0.1 0.4 4.8 1.6 6.2 6 5.6 10.2 -0.8 6.3-5.3 9-10.4 9.9C12.1 42.2 9.2 42 6.3 42c-2.1 0-4.2 0-6.3 0 0-10.2 0-20.3 0-30.5 2.5-0.5 5.1-0.9 7.9-1.1 0 2.9 0 5.6 0 8.4 2.3 0.2 4.4 0.1 6.3-0.7 1.9-0.8 2.6-2.5 2.3-5 -0.2-1.8-1.2-2.8-3.1-3.3 -0.7-0.2-1.5-0.3-2.2-0.3C9 9.5 6.8 9.5 4.7 9.5c-1.6 0-3.1 0.3-4.7 0C0 7.2 0 5 0 2.8zM7.8 25.3c0 2.6 0 5.1 0 7.6 0 0.8-0.1 1.6 0.2 2.5 2 0.1 4.1 0.3 6.1-0.4 2.2-0.7 3.1-2.2 3.1-4.9 0-2.3-1-3.8-3.2-4.5C12 25.1 10 25.1 7.8 25.3z"/>
    <path class="logotype" d="M59.6 42c-4.1-1.9-5.3-5-6-9.1 -0.7-4.2-0.6-8.5 0.4-12.7 0.5-2.1 1.4-4.1 2.8-5.7 2.7-3.1 7-3.9 10.7-1.4 0.6 0.4 1.2 0.9 2.1 1.4 0-4.5 0-8.9 0-13.2 1.6-0.5 3.2-0.6 4.7-0.9 0.3 0 0.6 0.1 0.7-0.4 0.8 0 1.6 0 2.5 0 0 1.3-0.1 2.6-0.1 3.8 0 12.1 0 24.1 0 36.2 0 0.6 0 1.2 0 1.9 -2.1 0-4.2 0-6.4 0 -0.2-0.8-0.4-1.7-0.7-2.9 -1.7 1.4-3.6 3.4-5.4 3.4C63.2 42.4 61 42.4 59.6 42zM69.6 21.1c-0.9-0.9-1.9-1.6-3-2.1 -1.6-0.8-3-0.3-4.1 1.1 -0.4 0.5-0.6 1.1-0.8 1.7 -0.7 2.5-0.9 5.1-0.6 7.8 0.2 1.3 0.3 2.7 1 3.9 0.9 1.8 2.5 2.4 4.3 1.6 1.2-0.5 2.3-1.3 3.2-2.3C69.6 28.9 69.6 25 69.6 21.1z"/>
    <path class="logotype" d="M163.3 0c-0.2 2.3-0.1 4.7-0.1 7 0 5 0 10 0 15.1 0 0.3-0.1 0.7 0.3 1.1 1.9-3.6 3.8-7.2 5.7-10.9 2.8 0 5.5 0 8.5 0 -2.5 4.3-4.8 8.4-7.3 12.7 2.9 5.6 5.8 11.2 8.8 17 -3.1 0-6 0-9 0 -2.2-4.3-4.4-8.7-6.6-13.1 -0.1 0-0.2 0-0.3 0.1 0 4.3 0 8.6 0 13 -2.6 0-5.1 0-7.6 0 0-13.5 0-27.1 0-40.7 1.5-0.6 3.1-0.6 4.7-0.9 0.3-0.1 0.7 0 0.9-0.3C161.9 0 162.6 0 163.3 0z"/>
    <path class="logotype" d="M138.1 0c0.2 1.2 0.1 2.3 0.1 3.5 0 6.6 0 13.3 0 20.3 2.1-4.1 4-7.8 6-11.6 2.7 0 5.4 0 8.5 0 -2.5 4.3-4.8 8.4-7.2 12.7 2.9 5.6 5.8 11.2 8.8 17 -3.2 0-6.1 0-9 0 -2.3-4.5-4.6-9-6.8-13.5 -0.1 0-0.2 0.1-0.2 0.1 0 4.4 0 8.9 0 13.4 -2.6 0-5.1 0-7.6 0 0-13.6 0-27.1 0-40.7 1.5-0.4 3.1-0.6 4.7-0.8 0.4-0.1 0.8 0.1 1.1-0.3C136.9 0 137.5 0 138.1 0z"/>
    <path class="logotype" d="M183.6 42c-4.5-1.9-4.8-5.3-5.5-9.7 -0.6-4.2-0.5-8.4 0.6-12.5 0.6-2.2 1.6-4.2 3.3-5.9 2.6-2.6 6.3-3.1 9.5-1.2 1.2 0.7 2.2 1.6 3.4 2.5 0.3-1 0.5-1.9 0.7-2.9 2 0 4.1-0.1 6.2 0.1 0 9.9 0 19.9 0 29.8 -2.1 0-4.1 0-6.1 0 -0.6-1-0.4-2-0.9-3 -1.7 1.5-3.6 2.3-5.3 3.4C187.9 42.6 185.1 43 183.6 42zM194.2 33c0-3.9 0-7.8 0-11.8 -0.5-0.4-1-0.8-1.5-1.2 -0.4-0.3-0.8-0.5-1.2-0.7 -2.1-1-3.7-0.5-4.7 1.6 -0.3 0.5-0.5 1.1-0.6 1.6 -0.6 2.8-0.6 5.5-0.2 8.3 0.1 0.9 0.3 1.8 0.7 2.7 1 2 2.7 2.6 4.6 1.6C192.4 34.7 193.4 34.1 194.2 33z"/>
    <path class="logotype" d="M32.7 42c-3.8-1.8-5-4.5-5-8.4 -0.1-7 0-14.1 0-21.2 2.6 0 5 0 7.5 0 0.4 0.6 0.2 1.3 0.2 1.9 0 5.4 0 10.9 0 16.3 0 0.9 0 1.8 0.4 2.8 0.8 2.1 2.1 2.8 4.2 2 1.2-0.4 2.2-1.1 3.2-2.1 0-6.8 0-13.7 0-20.8 2.7 0 5.2 0 7.8 0 0 9.9 0 19.7 0 29.6 -2.1 0-4.2 0-6.3 0C44.4 41 44.2 40.2 44 39c-1.7 1.4-2 3.3-5.4 3.4C36.7 42.4 34.5 42.4 32.7 42z"/>
    <path class="logotype" d="M82.2 41.5c-0.9-0.4-1.8-0.8-2.7-1.4 0.4-1.9 1.4-3.6 2.1-5.4 1-0.1 1.7 0.6 2.5 0.8 1.5 0.6 3 0.9 4.6 0.6 2.1-0.4 2.8-2.4 1.5-4.1 -0.4-0.6-1-1-1.6-1.3 -1.6-0.9-3.2-1.7-4.7-2.6 -5.1-3.1-5.2-9.6-2.8-12.8 1-1.4 2.2-2.4 3.8-2.9 4.4-1.5 8.7-0.9 12.8 1.4 -0.5 1.9-1.3 3.5-2.1 5.3 -1.5-0.2-2.7-1.1-4.2-1.3 -0.7-0.1-1.4-0.3-2.1-0.1 -0.9 0.2-1.8 0.5-2.1 1.6 -0.3 1-0.1 2 0.7 2.7 1 0.8 2.1 1.4 3.3 2 1.8 0.9 3.6 1.9 5.1 3.4 3.4 3.3 3.5 11.8-3 14.5 -0.5 0.2-2.9 0.7-4.9 0.7C85.8 42.4 82.8 41.8 82.2 41.5z"/>
    <path class="logotype" d="M105.7 42c-3.4-1.2-3.6-3.5-3.7-6.8 -0.1-5.6 0-11.2 0-16.9 -1.1-0.4-2.2-0.1-3.4-0.3 0-1.9 0-3.8 0-6 1.1 0 2.2 0 3.4 0 0-2.3 0-4.4 0-6.7 2.6-0.7 5.1-0.8 7.8-1.3 0 2.6 0 5.2 0 7.8 1.8 0.4 3.6 0 5.4 0.3 0 1.9 0 3.8 0 5.8 -1.7 0.4-3.5-0.1-5.4 0.3 0 0.9 0 1.8 0 2.7 0 4 0 8.1 0 12.1 0 0.8 0.1 1.6 0.5 2.3 1.3 0.9 2.8 0.1 4.4 0.4 0.1 1.9 0.3 3.7 0.4 5.5 -0.6 0.7-1 1.1-2 1.1C111 42.4 107 42.7 105.7 42z"/>
    <path class="logotype" d="M125.7 42c-2.6 0-5 0-7.5 0 0-9.9 0-19.7 0-29.7 2.5 0 5 0 7.5 0C125.7 22.2 125.7 32 125.7 42z"/>
    <path class="prikken-over-ien" d="M123.3 9c-1.7 0-3.5 0-5.2 0 0-2.1 0-4 0-6 2.6-0.4 5-0.8 7.7-1.2 0 2.3 0 4.6 0 6.8 0 0.3-0.3 0.3-0.5 0.3C124.5 8.7 123.9 8.6 123.3 9z"/>
</svg>

                    <p class="small muted">17. februar 2016</p>
                </a>
            </div>
            <div class="hidden-xs col-sm-4 col-md-3">
                <a target="_blank" rel="nofollow noopener noreferrer" href="http://blogg.kolonial.no/post/144802599225/kolonialno-blir-for-f%C3%B8rste-gang-pristestet-i-en">
                <h4>
                    «Kolonial.no billigst på nett»
                </h4>
                <p class="small muted">Moderne Transport, februar 2014</p>
                </a>
            </div>
        </div>
    </div>
</div>


        <div class="row">
            <div class="col-sm-12 col-md-6">
                <a href="/utlevering/#deliverycheck" class="campaign-banner medium">
                    <div class="content delivery-van">
                        <p>
                            Levering til døra alle dager fra kr. 0,-<br>
                            <span class="link">
                                Sjekk priser og tider der du bor
                            </span>
                        </p>
                    </div>
                </a>
            </div>
            <div class="col-sm-12 col-md-6">
                <a href="/app/" class="campaign-banner medium">
                    <div class="content app">
                        <p>
                            Last ned appen!
                        </p>
                    </div>
                </a>
            </div>
        </div>

    </div>




    <div class="wide-container footer-wide-container">
        <div class="footer-container">
            <footer class="content-container hidden-print">

                

                    <div class="support-content align-center-mobile">
                        <div class="row">
                            <div class="col-sm-8 col-md-9 hidden-print">
                                <h5>Lurer du på noe?</h5>
                                <a data-action="toggle-faq-search" accesskey="8">
                                    <svg xmlns="http://www.w3.org/2000/svg" viewBox="0 0 155.9 155.9" class="icon icon-questionmark" aria-label="Spørsmålstegn">
    <title>Spørsmålstegn</title>
    <path d="M79 134c-7.4 0-13.5-6.1-13.5-13.5 0-7.4 6.1-13.5 13.5-13.5 7.4 0 13.5 6.1 13.5 13.5C92.5 127.9 86.4 134 79 134zM79 113c-4.1 0-7.5 3.4-7.5 7.5 0 4.1 3.4 7.5 7.5 7.5 4.1 0 7.5-3.4 7.5-7.5C86.5 116.4 83.1 113 79 113z"/>
    <path d="M88 104H70c-1.7 0-3-1.3-3-3v-7.3c0-7.2 2.8-14 7.9-19.1l8.1-8.1c2.4-2.4 2.6-6 0.5-8.4 -1.1-1.3-2.6-2-4.3-2 -1.7 0-3.3 0.6-4.4 1.8C73.6 58.9 73 60.4 73 62v6c0 1.7-1.3 3-3 3H52c-1.7 0-3-1.3-3-3v-6c0-8.8 3.9-17.1 10.6-22.9 11.3-9.6 28.1-9.5 39.2 0.3 6.3 5.6 9.9 13.2 10.2 21.6 0.3 8.3-2.9 16.3-8.8 22.2L91 92.4v8.6C91 102.7 89.7 104 88 104zM73 98h12v-6.8c0-0.8 0.3-1.6 0.9-2.1L96 79c4.7-4.7 7.2-11 7-17.7 -0.2-6.7-3.1-12.8-8.2-17.3 -8.9-7.8-22.4-7.9-31.4-0.3C58.1 48.3 55 55 55 62v3h12v-3c0-3.2 1.2-6.2 3.5-8.5 2.3-2.3 5.6-3.6 8.9-3.5 3.4 0.1 6.4 1.6 8.6 4.1 4.2 4.7 3.8 12-0.8 16.6l-8.1 8.1c-4 4-6.2 9.2-6.2 14.8V98z"/>
    <path d="M130 71h-9c-1.7 0-3-1.3-3-3s1.3-3 3-3h9c1.7 0 3 1.3 3 3S131.7 71 130 71z"/>
    <path d="M112 104c-0.8 0-1.5-0.3-2.1-0.9l-6-6c-1.2-1.2-1.2-3.1 0-4.2 1.2-1.2 3.1-1.2 4.2 0l6 6c1.2 1.2 1.2 3.1 0 4.2C113.5 103.7 112.8 104 112 104z"/>
    <path d="M37 71h-9c-1.7 0-3-1.3-3-3s1.3-3 3-3h9c1.7 0 3 1.3 3 3S38.7 71 37 71z"/>
    <path d="M49 101c-0.8 0-1.5-0.3-2.1-0.9 -1.2-1.2-1.2-3.1 0-4.2l6-6c1.2-1.2 3.1-1.2 4.2 0 1.2 1.2 1.2 3.1 0 4.2l-6 6C50.5 100.7 49.8 101 49 101z"/>
    <path d="M112 35c-0.8 0-1.5-0.3-2.1-0.9 -1.2-1.2-1.2-3.1 0-4.2l6-6c1.2-1.2 3.1-1.2 4.2 0 1.2 1.2 1.2 3.1 0 4.2l-6 6C113.5 34.7 112.8 35 112 35z"/>
    <path d="M46 35c-0.8 0-1.5-0.3-2.1-0.9l-6-6c-1.2-1.2-1.2-3.1 0-4.2 1.2-1.2 3.1-1.2 4.2 0l6 6c1.2 1.2 1.2 3.1 0 4.2C47.5 34.7 46.8 35 46 35z"/>
</svg>

                                    Svar på vanlige spørsmål
                                </a>
                            </div>
                            <div class="col-sm-4 col-md-3 hidden-print">
                                <h5>La oss hjelpe deg</h5>
                                <a href="/kundeservice/" accesskey="9">
                                    Gå til kundeservice
                                </a>
                                
                            </div>
                        </div>
                    </div>

                    <div class="row">
                        <div class="col-xs-6 col-sm-3 col-md-2 hidden-print">
                            <h5>Meny</h5>
                            <ul class="list-unstyled">
                                <li><a href="/om/konseptet/">Slik fungerer det</a></li>
                                <li><a href="/utlevering/">Utlevering</a></li>
                                <li><a href="/om/kvalitet/">Kvalitet</a></li>
                                <li><a href="/lave-priser/">Lave priser</a></li>
                                <li><a href="/app/">App</a></li>
                                <li><a href="/om/sikkerhet/">Trygg handel</a></li>
                                <li><a href="/om/ansvar/">Ansvar og miljø</a></li>
                                <li><a href="/om/pant/">Retur av pant</a></li>
                                <li><a href="/kundeservice/">Hjelp og kundeservice</a></li>
                                <li><a href="/bedrift/">Bedriftslevering</a></li>
                                
                            </ul>

                            <h5>Kolonial.no</h5>
                            <ul class="list-unstyled">
                                <li><a href="/om/">Om oss</a></li>
                                <li><a href="/om/presse/">I media</a></li>
                                <li><a href="/om/jobber/">Jobb og karriere</a></li>
                                <li><a href="/om/teknologi/">Teknologi og API</a></li>
                                <li><a href="https://blogg.kolonial.no" target="_blank" rel="nofollow noopener noreferrer">Bloggen vår</a></li>
                            </ul>
                        </div>
                        <div class="col-xs-6 col-sm-3 col-md-3 hidden-print">
                            

                                <h5>
                                    <a href="/utlevering/">Hjemlevering, fra kr. 0,-</a>
                                </h5>

                                
                                    <p>
                                        Vi tilbyr hjemlevering fra morgen til kveld i utvalgte postnummere for et lite tillegg.
                                        <a href="/utlevering/">Sjekk om og når du kan få hjemlevering</a>.
                                    </p>
                                

                            
                        </div>
                        <div class="col-xs-12 col-sm-offset-2 col-sm-4 col-md-3 col-md-offset-4 align-center-mobile">

                            <a style="display: inline-flex;" href="https://appsto.re/no/Q-gwab.i" target="_blank" rel="nofollow noopener noreferrer">
                                <svg xmlns="http://www.w3.org/2000/svg" xmlns:xlink="http://www.w3.org/1999/xlink" version="1.1" class="appstore-badge apple" x="0" y="0" viewBox="0 0 377.3 111.8" enable-background="new 0 0 377.3 111.8" xml:space="preserve" aria-label="Last ned i App Store!">
  <title>Last ned i App Store!</title>
  <path class="fill" d="M261.3 33.6c0 0.7 0.2 1.2 0.6 1.5 0.4 0.3 0.9 0.5 1.4 0.5 0.6 0 1.2-0.2 1.8-0.6 0.6-0.4 0.9-0.9 1-1.6 0-0.1 0-0.3 0-0.5v-2C262.9 30.9 261.3 31.8 261.3 33.6z"/>
  <path class="fill" d="M206.5 27.3c-0.5-0.8-1.3-1.2-2.3-1.2 -1 0-1.7 0.4-2.3 1.2 -0.5 0.6-0.8 1.4-0.9 2.3h6.1C207.1 28.7 206.9 28 206.5 27.3z"/>
  <path class="fill" d="M167.9 65.4c-1.5 0-2.8 0.5-4 1.5 -1.2 1-2 2.3-2.3 3.8 -0.2 0.7-0.3 1.3-0.3 1.8V77c0 2 0.6 3.6 1.8 4.9 1.2 1.3 2.8 2 4.7 2 2.2 0 4-0.9 5.2-2.6 1.3-1.7 1.9-4 1.9-6.8 0-2.6-0.6-4.8-1.8-6.5C171.8 66.3 170.1 65.4 167.9 65.4z"/>
  <path class="fill" d="M198.8 65.4c-1.5 0-2.8 0.5-4 1.5 -1.2 1-2 2.3-2.3 3.8 -0.2 0.7-0.3 1.3-0.3 1.8V77c0 2 0.6 3.6 1.8 4.9 1.2 1.3 2.8 2 4.7 2 2.2 0 4-0.9 5.2-2.6 1.3-1.7 1.9-4 1.9-6.8 0-2.6-0.6-4.8-1.8-6.5C202.6 66.3 200.9 65.4 198.8 65.4z"/>
  <path class="fill" d="M138.6 33.6c0 0.7 0.2 1.2 0.6 1.5 0.4 0.3 0.9 0.5 1.4 0.5 0.6 0 1.2-0.2 1.8-0.6s0.9-0.9 1-1.6c0-0.1 0.1-0.3 0.1-0.5v-2C140.2 30.9 138.6 31.8 138.6 33.6z"/>
  <path class="fill" d="M221.7 27.1c-0.5-0.5-1.2-0.7-2-0.7 -1.1 0-1.9 0.4-2.6 1.3 -0.6 0.9-0.9 2-0.9 3.3 0 1.3 0.3 2.4 0.9 3.2 0.6 0.9 1.5 1.3 2.6 1.3 1 0 1.7-0.4 2.3-1.1 0.6-0.7 0.8-1.5 0.8-2.4v-2.2c0-0.4 0-0.7-0.1-0.9C222.6 28.2 222.2 27.6 221.7 27.1z"/>
  <path class="fill" d="M134.2 55.8h-0.1c-0.4 1.6-1 3.9-1.8 7l-3.1 9.7h10l-3.1-9.7C135.8 61.8 135.2 59.5 134.2 55.8z"/>
  <path class="fill" d="M282.5 65c-2.4 0-4.2 1.1-5.5 3.2 -1.1 1.8-1.6 3.9-1.6 6.5 0 2.5 0.5 4.6 1.6 6.4 1.3 2.1 3.1 3.2 5.4 3.2 2.3 0 4.1-1.1 5.3-3.3 1.1-1.8 1.7-3.9 1.7-6.4 0-2.5-0.5-4.6-1.6-6.4C286.6 66.1 284.8 65 282.5 65z"/>
  <path class="fill" d="M330 64.8c-1.9 0-3.5 0.8-4.7 2.4 -1 1.3-1.6 2.8-1.8 4.6h12.4c0-1.8-0.3-3.3-1.2-4.6C333.7 65.6 332.2 64.8 330 64.8z"/>
  <path class="fill" d="M363.9 0H13.2C5.9 0 0 5.9 0 13.2v85.4c0 7.3 5.9 13.2 13.2 13.2h350.7c7.3 0 13.4-5.9 13.4-13.2V13.2C377.3 5.9 371.2 0 363.9 0zM237.4 24.4h1.8v-0.6c0-2 0.5-3.5 1.5-4.5 0.9-0.8 2-1.2 3.3-1.2 0.8 0 1.5 0.1 2.1 0.4l-0.3 2.3c-0.4-0.2-0.9-0.3-1.4-0.3 -1.5 0-2.3 1.1-2.3 3.3v0.7h3v2.2h-2.9v11h-2.9v-11h-1.8V24.4zM199.8 26.2c1.1-1.4 2.7-2.1 4.6-2.1 1.9 0 3.3 0.7 4.3 2.1 0.8 1.1 1.2 2.5 1.2 4.1 0 0.5 0 1-0.1 1.3H201c0 1.3 0.5 2.3 1.3 3 0.7 0.6 1.7 0.9 2.9 0.9 1.3 0 2.5-0.2 3.6-0.6l0.5 2c-1.2 0.5-2.7 0.8-4.4 0.8 -2 0-3.6-0.6-4.8-1.8 -1.2-1.2-1.7-2.8-1.7-4.8C198.2 29.2 198.7 27.5 199.8 26.2zM162.4 24.4h1.9V22l2.9-0.9v3.3h3.2v2.2h-3.2V33c0 1.6 0.6 2.4 1.7 2.4 0.5 0 1 0 1.3-0.1l0.1 2.2c-0.6 0.2-1.3 0.3-2.3 0.3 -1.2 0-2.1-0.4-2.7-1.1 -0.7-0.7-1-1.9-1-3.6v-6.6h-1.9V24.4zM140.6 26.2c-1.3 0-2.4 0.3-3.4 1l-0.6-1.9c1.2-0.8 2.7-1.1 4.5-1.1 3.4 0 5.2 1.8 5.2 5.4v4.9c0 1.3 0.1 2.4 0.2 3.1h-2.6l-0.2-1.5h-0.1c-0.9 1.2-2.2 1.8-3.8 1.8 -1.2 0-2.3-0.4-3-1.2 -0.7-0.7-1-1.6-1-2.7 0-1.6 0.7-2.8 2-3.7 1.3-0.8 3.2-1.3 5.7-1.2v-0.2C143.3 27.1 142.4 26.2 140.6 26.2zM122.3 19.3h2.9v15.8h7.5v2.5h-10.4V19.3zM68.4 22.8c2.5-3 7-5.3 10.5-5.4 0.5 4.2-1.2 8.4-3.6 11.4 -2.5 3-6.6 5.3-10.6 5C64.1 29.8 66.2 25.4 68.4 22.8zM88.8 79.8c-2.9 4.4-6 8.7-10.9 8.7 -4.7 0.1-6.3-2.8-11.8-2.8 -5.5 0-7.2 2.7-11.7 2.9 -4.6 0.2-8.2-4.7-11.2-9 -6.1-8.9-10.8-25-4.5-35.9 3.1-5.4 8.7-8.8 14.6-8.9 4.6-0.1 9 3.1 11.8 3.1 2.8 0 8.1-3.9 13.6-3.3 2.3 0.1 8.8 0.9 13.1 7.1 -0.3 0.2-7.8 4.6-7.7 13.6 0.1 10.8 9.4 14.4 9.6 14.4C93.7 69.9 92.3 74.8 88.8 79.8zM143.8 88.1l-3.5-10.9h-12.1l-3.3 10.9h-6.2l12-37.2h7.4l12 37.2H143.8zM150.5 36.9l0.6-2.2c1 0.6 2.1 0.9 3.2 0.9 1.5 0 2.2-0.6 2.2-1.7 0-0.5-0.2-0.9-0.5-1.2 -0.3-0.3-0.9-0.6-1.7-0.9 -2.3-0.9-3.5-2.1-3.5-3.8 0-1.1 0.4-2.1 1.3-2.8 0.9-0.8 2-1.1 3.4-1.1 1.3 0 2.4 0.3 3.3 0.8l-0.6 2.1c-0.8-0.5-1.7-0.8-2.7-0.8 -0.6 0-1.1 0.1-1.4 0.4 -0.3 0.3-0.5 0.7-0.5 1.1 0 0.5 0.2 0.8 0.5 1.1 0.3 0.3 0.9 0.6 1.8 0.9 2.3 0.9 3.4 2.2 3.4 4 0 1.2-0.5 2.2-1.4 2.9 -0.9 0.7-2.2 1.1-3.7 1.1C152.8 37.8 151.6 37.5 150.5 36.9zM177.2 85.1c-2.2 2.4-4.9 3.5-8.2 3.5 -3.5 0-6.1-1.3-7.6-3.8h-0.1V99h-6V70.1c0-2.9-0.1-5.8-0.2-8.8h5.2l0.3 4.2h0.1c2-3.2 5-4.8 9-4.8 3.2 0 5.8 1.3 7.9 3.8 2.1 2.5 3.2 5.8 3.2 9.9C180.9 78.9 179.7 82.5 177.2 85.1zM185.4 37.5h-2.9v-9.4c0-1.2 0-2.4-0.1-3.8h2.6l0.1 2.1h0.1c0.3-0.6 0.8-1.2 1.5-1.6 0.8-0.5 1.7-0.7 2.7-0.7 1.2 0 2.3 0.4 3.1 1.2 1 1 1.5 2.4 1.5 4.4v7.9h-2.9V30c0-2.3-0.9-3.5-2.7-3.5 -0.9 0-1.6 0.3-2.1 1 -0.5 0.6-0.8 1.4-0.8 2.3V37.5zM208.1 85.1c-2.2 2.4-4.9 3.5-8.2 3.5 -3.5 0-6.1-1.3-7.6-3.8h-0.1V99h-6V70.1c0-2.9-0.1-5.8-0.2-8.8h5.2l0.3 4.2h0.1c2-3.2 5-4.8 9-4.8 3.2 0 5.8 1.3 7.9 3.8 2.1 2.5 3.2 5.8 3.2 9.9C211.8 78.9 210.5 82.5 208.1 85.1zM223 35.4c-0.8 1.6-2.2 2.4-4.2 2.4 -1.6 0-2.9-0.6-4-1.9 -1-1.2-1.6-2.9-1.6-4.9 0-2.1 0.6-3.9 1.7-5.2 1.1-1.2 2.5-1.8 4.1-1.8 1.8 0 3 0.6 3.7 1.8h0.1v-7.6h2.9V34c0 1.3 0 2.5 0.1 3.6h-2.6L223 35.4 223 35.4zM243 85.3c-2.4 2.2-5.8 3.3-10.1 3.3 -4 0-7.2-0.8-9.6-2.3l1.4-5c2.6 1.6 5.5 2.4 8.6 2.4 2.2 0 4-0.5 5.2-1.5 1.3-1 1.9-2.4 1.9-4.1 0-1.5-0.5-2.8-1.5-3.8 -1-1-2.7-2-5.1-2.9 -6.5-2.4-9.8-6-9.8-10.7 0-3.1 1.1-5.6 3.4-7.5 2.3-2 5.3-2.9 9.1-2.9 3.4 0 6.2 0.6 8.4 1.8l-1.5 4.9c-2.1-1.1-4.5-1.7-7.1-1.7 -2.1 0-3.7 0.5-4.9 1.5 -1 0.9-1.5 2-1.5 3.4 0 1.5 0.6 2.7 1.7 3.6 1 0.9 2.8 1.8 5.4 2.9 3.2 1.3 5.6 2.8 7.1 4.5 1.5 1.7 2.3 3.9 2.3 6.5C246.3 80.8 245.2 83.4 243 85.3zM248.6 24.4h2.5l0.1 2.5h0.1c0.3-0.9 0.8-1.6 1.5-2.1 0.6-0.5 1.4-0.7 2.1-0.7 0.3 0 0.5 0 0.7 0.1v2.8c-0.3-0.1-0.6-0.1-0.9-0.1 -1 0-1.8 0.4-2.4 1.2 -0.5 0.7-0.7 1.6-0.7 2.6v6.9h-2.9l0-9C248.7 27 248.6 25.6 248.6 24.4zM266 65.7h-6.6v13c0 3.3 1.2 5 3.5 5 1.1 0 1.9-0.1 2.6-0.3l0.2 4.5c-1.2 0.4-2.7 0.7-4.6 0.7 -2.4 0-4.2-0.7-5.5-2.2 -1.3-1.4-2-3.8-2-7.2V65.7h-3.9v-4.5h3.9v-4.9l5.9-1.8v6.7h6.6V65.7zM266.6 37.5l-0.2-1.5h-0.1c-0.9 1.2-2.2 1.8-3.8 1.8 -1.2 0-2.2-0.4-3-1.2 -0.7-0.7-1-1.6-1-2.7 0-1.6 0.7-2.8 2-3.7 1.3-0.8 3.2-1.3 5.7-1.2v-0.2c0-1.7-0.9-2.6-2.7-2.6 -1.3 0-2.4 0.3-3.4 1l-0.6-1.9c1.2-0.8 2.7-1.1 4.5-1.1 3.4 0 5.2 1.8 5.2 5.4v4.9c0 1.3 0.1 2.4 0.2 3.1H266.6zM292.1 84.6c-2.5 2.7-5.7 4.1-9.8 4.1 -3.9 0-7.1-1.3-9.4-3.9 -2.3-2.6-3.5-5.9-3.5-9.9 0-4.2 1.2-7.6 3.6-10.2 2.4-2.7 5.7-4 9.7-4 3.9 0 7.1 1.3 9.5 3.9 2.3 2.5 3.4 5.8 3.4 9.8C295.6 78.5 294.4 81.9 292.1 84.6zM315 66.5c-0.6-0.1-1.2-0.2-1.9-0.2 -2.1 0-3.7 0.8-4.9 2.4 -1 1.4-1.5 3.2-1.5 5.3v14.1h-6l0.1-18.4c0-3.1-0.1-5.9-0.2-8.4h5.2l0.2 5.1h0.2c0.6-1.8 1.6-3.2 3-4.2 1.3-1 2.8-1.4 4.3-1.4 0.6 0 1 0 1.5 0.1V66.5zM341.4 76.1h-17.9c0.1 2.7 0.9 4.7 2.6 6.1 1.5 1.3 3.5 1.9 5.8 1.9 2.6 0 5.1-0.4 7.2-1.3l0.9 4.1c-2.5 1.1-5.5 1.7-9 1.7 -4.2 0-7.4-1.2-9.8-3.7 -2.4-2.4-3.6-5.7-3.6-9.9 0-4 1.1-7.4 3.3-10.1 2.3-2.9 5.4-4.3 9.4-4.3 3.9 0 6.8 1.4 8.8 4.3 1.6 2.3 2.4 5.1 2.4 8.4C341.6 74.4 341.5 75.3 341.4 76.1z"/>
</svg>

                            </a>

                            <a style="display: inline-flex;" href="https://play.google.com/store/apps/details?id=no.kolonial.tienda&amp;referrer=utm_source%3Dkolonialno%26utm_medium%3Dlink%26utm_content%3Dfooter" target="_blank" rel="nofollow noopener noreferrer">
                                <svg xmlns="http://www.w3.org/2000/svg" viewBox="0 0 377.3 111.8" style="enable-background:new 0 0 377.3 111.8;version:1" class="appstore-badge googleplay" aria-label="Tilgjengelig på Google Play!">
  <path d="M363.9 0H13.2C5.9 0 0 5.9 0 13.2v85.4c0 7.3 5.9 13.2 13.2 13.2h350.7c7.3 0 13.4-5.9 13.4-13.2V13.2C377.3 5.9 371.2 0 363.9 0z" class="fill"/>
  <title>
    Tilgjengelig på Google Play!
  </title>
  <linearGradient id="google_play_blue_1_" gradientUnits="userSpaceOnUse" x1="59.7" y1="90.1" x2="12.8" y2="43.1" gradientTransform="matrix(1 0 0 -1 0 114.58)">
    <stop offset="0" stop-color="#00A0FF"/>
    <stop offset="6.574450e-03" stop-color="#00A1FF"/>
    <stop offset="0.2601" stop-color="#00BEFF"/>
    <stop offset="0.5122" stop-color="#00D2FF"/>
    <stop offset="0.7604" stop-color="#00DFFF"/>
    <stop offset="1" stop-color="#00E3FF"/>
  </linearGradient>
  <path id="google_play_blue" class="blue" d="M27.9 21.2c-0.8 0.9-1.3 2.2-1.3 3.9V87c0 1.7 0.5 3.1 1.3 3.9l0.2 0.2 34.7-34.7v-0.4 -0.4L28.1 21 27.9 21.2z"/>
  <linearGradient id="google_play_yellow_1_" gradientUnits="userSpaceOnUse" x1="93.4" y1="58.5" x2="25.7" y2="58.5" gradientTransform="matrix(1 0 0 -1 0 114.58)">
    <stop offset="0" stop-color="#FFE000"/>
    <stop offset="0.4087" stop-color="#FFBD00"/>
    <stop offset="0.7754" stop-color="#FFA500"/>
    <stop offset="1" stop-color="#FF9C00"/>
  </linearGradient>
  <path id="google_play_yellow" class="yellow" d="M74.3 68.1L62.8 56.5v-0.4 -0.4l11.6-11.6 0.3 0.1L88.3 52c3.9 2.2 3.9 5.9 0 8.1l-13.7 7.8L74.3 68.1z"/>
  <linearGradient id="google_play_red_1_" gradientUnits="userSpaceOnUse" x1="68.2" y1="52.1" x2="4.5" y2="-11.6" gradientTransform="matrix(1 0 0 -1 0 114.58)">
    <stop offset="0" stop-color="#FF3A44"/>
    <stop offset="1" stop-color="#C31162"/>
  </linearGradient>
  <path id="google_play_red" class="red" d="M74.6 67.9L62.8 56.1 27.9 90.9c1.3 1.4 3.4 1.5 5.8 0.2L74.6 67.9"/>
  <linearGradient id="google_play_green_1_" gradientUnits="userSpaceOnUse" x1="19.2" y1="113.9" x2="47.6" y2="85.5" gradientTransform="matrix(1 0 0 -1 0 114.58)">
    <stop offset="0" stop-color="#32A071"/>
    <stop offset="6.850000e-02" stop-color="#2DA771"/>
    <stop offset="0.4762" stop-color="#15CF74"/>
    <stop offset="0.8009" stop-color="#06E775"/>
    <stop offset="1" stop-color="#00F076"/>
  </linearGradient>
  <path class="google_play_green green" d="M74.6 44.3L33.7 21.1c-2.4-1.4-4.5-1.2-5.8 0.2l34.9 34.9L74.6 44.3z"/>
  <path class="google_play_l_1_ font" d="M134.4 36.5V19.7h2.2v14.7h7.3v2.1H134.4z"/>
  <path class="google_play_g_2_ font" d="M162.3 28.8c0 2.3-0.7 4.2-2.1 5.6 -1.6 1.7-3.6 2.5-6.2 2.5 -2.4 0-4.5-0.8-6.2-2.5 -1.7-1.7-2.5-3.8-2.5-6.2 0-2.5 0.8-4.6 2.5-6.2 1.7-1.7 3.8-2.5 6.2-2.5 1.2 0 2.4 0.2 3.4 0.7 1.1 0.5 2 1.1 2.6 1.9l-1.5 1.5c-1.1-1.3-2.6-2-4.6-2 -1.8 0-3.3 0.6-4.6 1.9 -1.3 1.2-1.9 2.9-1.9 4.8s0.6 3.6 1.9 4.8c1.3 1.2 2.8 1.9 4.6 1.9 1.9 0 3.4-0.6 4.7-1.9 0.8-0.8 1.3-1.9 1.4-3.4H154v-2h8.1C162.3 28 162.3 28.4 162.3 28.8z"/>
  <path class="google_play_j font" d="M169 36.9c-1.2 0-2.3-0.3-3.1-1 -0.9-0.7-1.5-1.6-1.8-2.9l2-0.8c0.5 1.8 1.5 2.6 3.1 2.6 1 0 1.8-0.3 2.3-1 0.5-0.6 0.8-1.5 0.8-2.6V19.7h2.2v11.4c0 1.8-0.5 3.2-1.5 4.2C171.8 36.4 170.5 36.9 169 36.9z"/>
  <path class="google_play_e_1_ font" d="M187.7 21.8h-7.6v5.3h6.9v2h-6.9v5.3h7.6v2.1h-9.8V19.7h9.8V21.8z"/>
  <path class="google_play_n font" d="M191.1 36.5V19.7h2.6l8.2 13.1h0.1l-0.1-3.2v-9.8h2.2v16.8h-2.3l-8.5-13.7h-0.1l0.1 3.2v10.5H191.1z"/>
  <path class="google_play_g_1_ font" d="M223.8 28.8c0 2.3-0.7 4.2-2.1 5.6 -1.6 1.7-3.6 2.5-6.2 2.5 -2.4 0-4.5-0.8-6.2-2.5 -1.7-1.7-2.5-3.8-2.5-6.2 0-2.5 0.8-4.6 2.5-6.2 1.7-1.7 3.8-2.5 6.2-2.5 1.2 0 2.4 0.2 3.4 0.7 1.1 0.5 2 1.1 2.6 1.9l-1.5 1.5c-1.1-1.3-2.6-2-4.6-2 -1.8 0-3.3 0.6-4.6 1.9 -1.3 1.2-1.9 2.9-1.9 4.8s0.6 3.6 1.9 4.8c1.3 1.2 2.8 1.9 4.6 1.9 1.9 0 3.4-0.6 4.7-1.9 0.8-0.8 1.3-1.9 1.4-3.4h-6.1v-2h8.1C223.7 28 223.8 28.4 223.8 28.8z"/>
  <path class="google_play_e font" d="M236.7 21.8H229v5.3h6.9v2H229v5.3h7.6v2.1h-9.8V19.7h9.8V21.8z"/>
  <path class="google_play_l font" d="M240 36.5V19.7h2.2v14.7h7.3v2.1H240z"/>
  <path class="google_play_i_1_ font" d="M252.2 36.5V19.7h2.2v16.8H252.2z"/>
  <path class="google_play_g font" d="M274.1 28.8c0 2.3-0.7 4.2-2.1 5.6 -1.6 1.7-3.6 2.5-6.2 2.5 -2.4 0-4.5-0.8-6.2-2.5 -1.7-1.7-2.5-3.8-2.5-6.2 0-2.5 0.8-4.6 2.5-6.2 1.7-1.7 3.8-2.5 6.2-2.5 1.2 0 2.4 0.2 3.4 0.7 1.1 0.5 2 1.1 2.6 1.9l-1.5 1.5c-1.1-1.3-2.6-2-4.6-2 -1.8 0-3.3 0.6-4.6 1.9 -1.3 1.2-1.9 2.9-1.9 4.8s0.6 3.6 1.9 4.8c1.3 1.2 2.8 1.9 4.6 1.9 1.9 0 3.4-0.6 4.7-1.9 0.8-0.8 1.3-1.9 1.4-3.4h-6.1v-2h8.1C274.1 28 274.1 28.4 274.1 28.8z"/>
  <path class="google_play_p font" d="M285 36.5h-2.2V19.7h5.7c1.4 0 2.7 0.5 3.7 1.4 1 0.9 1.6 2.1 1.6 3.6 0 1.4-0.5 2.6-1.6 3.6 -1 0.9-2.3 1.4-3.7 1.4H285V36.5zM285 27.6h3.6c0.9 0 1.6-0.3 2.2-0.9 0.5-0.6 0.8-1.3 0.8-2 0-0.7-0.3-1.4-0.8-2 -0.5-0.6-1.3-0.9-2.2-0.9H285V27.6z"/>
  <path class="google_play_Y font" d="M344.9 61.7l-6 15.2h-0.2l-6.2-15.2h-5.6l9.3 21.2 -5.3 11.8h5.4l14.4-33H344.9z"/>
  <path class="google_play_A font" d="M315.9 60.9c-3.8 0-7.7 1.7-9.3 5.4l4.6 1.9c1-1.9 2.8-2.6 4.8-2.6 2.7 0 5.4 1.6 5.5 4.5v0.4c-0.9-0.5-3-1.3-5.4-1.3 -5 0-10.1 2.7-10.1 7.9 0 4.7 4.1 7.7 8.7 7.7 3.5 0 5.4-1.6 6.7-3.4h0.2V84h5V70.6C326.5 64.4 321.9 60.9 315.9 60.9zM315.3 80.1c-1.7 0-4.1-0.9-4.1-3 0-2.7 3-3.7 5.5-3.7 2.3 0 3.4 0.5 4.8 1.2C321.1 77.8 318.3 80.1 315.3 80.1z"/>
  <rect class="google_play_L_1_ font" x="297.8" y="49.1" width="5.2" height="35"/>
  <path class="google_play_P font" d="M283.5 49.1H271v35h5.2V70.8h7.3c5.8 0 11.5-4.2 11.5-10.9S289.3 49.1 283.5 49.1zM283.6 65.9h-7.4V54h7.4c3.9 0 6.1 3.2 6.1 6C289.8 62.7 287.5 65.9 283.6 65.9z"/>
  <path class="google_play_E font" d="M249.4 80.1c-2.7 0-4.6-1.2-5.8-3.6l15.9-6.6 -0.5-1.4c-1-2.7-4-7.6-10.2-7.6 -6.1 0-11.2 4.8-11.2 11.9 0 6.7 5 11.9 11.8 11.9 5.5 0 8.6-3.3 9.9-5.3l-4.1-2.7C253.9 78.8 252.1 80.1 249.4 80.1zM249 65.6c2.1 0 3.8 1 4.4 2.5l-10.6 4.4C242.7 67.9 246.4 65.6 249 65.6z"/>
  <rect class="google_play_L font" x="229.9" y="49.1" width="5.2" height="35"/>
  <path class="google_play_G_1_ font" d="M221.3 61.7v1.9h-0.2c-1.2-1.4-3.4-2.7-6.3-2.7 -5.9 0-11.4 5.2-11.4 11.9 0 6.7 5.5 11.9 11.4 11.9 2.8 0 5.1-1.3 6.3-2.7h0.2v1.7c0 4.6-2.4 7-6.4 7 -3.2 0-5.2-2.3-6-4.2l-4.6 1.9c1.3 3.2 4.8 7 10.5 7 6.1 0 11.3-3.6 11.3-12.4V61.7H221.3zM215.3 80.1c-3.6 0-6.6-3-6.6-7.2 0-4.2 3-7.3 6.6-7.3 3.6 0 6.4 3.1 6.4 7.3C221.7 77.1 218.9 80.1 215.3 80.1z"/>
  <path class="google_play_O_1_ font" d="M189.3 61c-6.6 0-11.9 5-11.9 11.9 0 6.8 5.4 11.9 11.9 11.9 6.6 0 11.9-5 11.9-11.9C201.3 66 195.9 61 189.3 61zM189.3 80.1c-3.6 0-6.7-3-6.7-7.2 0-4.3 3.1-7.2 6.7-7.2 3.6 0 6.7 2.9 6.7 7.2C196 77.1 192.9 80.1 189.3 80.1z"/>
  <path class="google_play_O font" d="M163.3 61c-6.6 0-11.9 5-11.9 11.9 0 6.8 5.4 11.9 11.9 11.9 6.6 0 11.9-5 11.9-11.9C175.2 66 169.9 61 163.3 61zM163.3 80.1c-3.6 0-6.7-3-6.7-7.2 0-4.3 3.1-7.2 6.7-7.2 3.6 0 6.7 2.9 6.7 7.2C170 77.1 166.9 80.1 163.3 80.1z"/>
  <path class="google_play_G font" d="M132.3 64.6v5h12.1c-0.4 2.8-1.3 4.9-2.7 6.4 -1.8 1.8-4.5 3.7-9.3 3.7 -7.4 0-13.2-6-13.2-13.4 0-7.4 5.8-13.4 13.2-13.4 4 0 6.9 1.6 9.1 3.6l3.6-3.6c-3-2.9-7-5.1-12.7-5.1 -10.2 0-18.7 8.3-18.7 18.5 0 10.2 8.6 18.5 18.7 18.5 5.5 0 9.6-1.8 12.9-5.2 3.3-3.3 4.4-8 4.4-11.8 0-1.2-0.1-2.3-0.3-3.2H132.3z"/>
  <path class="google_play_i font" d="M128.4 36.5V19.7h2.2v16.8H128.4z"/>
  <path class="google_play_aa font" d="M293.4 36.5l6-15.8c-0.6-0.5-0.9-1.1-0.9-1.9 0-0.7 0.2-1.3 0.7-1.7 0.5-0.5 1-0.7 1.7-0.7 0.7 0 1.2 0.2 1.7 0.7 0.5 0.5 0.7 1.1 0.7 1.7 0 0.7-0.3 1.4-0.9 1.9l6 15.8h-2.4l-1.6-4.5h-7.1l-1.6 4.5H293.4zM298.2 29.9h5.6l-2.7-7.6H301L298.2 29.9zM301 19.7c0.3 0 0.5-0.1 0.7-0.3 0.2-0.2 0.3-0.4 0.3-0.7 0-0.3-0.1-0.5-0.3-0.7 -0.2-0.2-0.4-0.3-0.7-0.3 -0.2 0-0.5 0.1-0.7 0.3 -0.2 0.2-0.3 0.4-0.3 0.7 0 0.2 0.1 0.5 0.2 0.6C300.5 19.6 300.7 19.7 301 19.7L301 19.7z"/>
  <path class="google_play_T font" d="M120.9 36.5h-2.2V21.8h-4.7v-2.1h11.5v2.1h-4.7V36.5z"/>
</svg>

                            </a>

                            <p class="terms-text">
                                2020 &copy; Kolonial.no AS. Alle rettigheter.
                            </p>

                            <ul class="list-unstyled hidden-print">
                                <li><a href="/betingelser/">Bruker- og salgsbetingelser</a></li>
                                <li><a href="/personvern/">Personvernerklæring og bruk av cookies</a></li>
                                
                                    <li><a href="javascript:window.Metomic('ConsentManager:show')">Administrer cookies</a></li>
                                
                            </ul>

                            <div class="social-media">
                                <a href="https://www.facebook.com/kolonial.no" target="_blank" rel="nofollow noopener noreferrer" class="facebook">
                                    <svg xmlns="http://www.w3.org/2000/svg" height="67" viewBox="0 0 67 67" width="67" class="social-media-logo facebook" aria-label="Facebook">
    <title>Facebook</title>
  <path d="M29.8 50.3h6.7V34h4.5l0.6-5.6h-5.1l0-2.8c0-1.5 0.1-2.3 2.2-2.3h2.8V17.7h-4.5c-5.4 0-7.3 2.7-7.3 7.3v3.4h-3.4v5.6h3.4V50.3zM34 64C17.4 64 4 50.6 4 34 4 17.4 17.4 4 34 4s30 13.4 30 30C64 50.6 50.6 64 34 64z" class="symbol"/>
</svg>

                                </a>
                                <a href="https://twitter.com/kolonialno" target="_blank" rel="nofollow noopener noreferrer" class="twitter">
                                    <svg xmlns="http://www.w3.org/2000/svg" height="67" viewBox="0 0 67 67" width="67" class="social-media-logo twitter" aria-label="Twitter">
    <title>Twitter</title>
  <path d="M38.2 22.3c-2.6 1-4.3 3.4-4.1 6.1l0.1 1 -1-0.1c-3.8-0.5-7.1-2.1-10-4.9l-1.4-1.4 -0.4 1c-0.8 2.3-0.3 4.7 1.3 6.3 0.8 0.9 0.6 1-0.8 0.5 -0.5-0.2-0.9-0.3-1-0.2 -0.1 0.1 0.4 2.1 0.8 2.8 0.5 1.1 1.7 2.1 2.9 2.7l1 0.5 -1.2 0c-1.2 0-1.2 0-1.1 0.5 0.4 1.4 2.1 2.8 3.9 3.5l1.3 0.4 -1.1 0.7c-1.7 1-3.6 1.5-5.6 1.6C20.8 43.3 20 43.3 20 43.4c0 0.2 2.6 1.4 4 1.9 4.5 1.4 9.8 0.8 13.7-1.6 2.8-1.7 5.7-5 7-8.2 0.7-1.7 1.4-4.9 1.4-6.4 0-1 0.1-1.1 1.2-2.3 0.7-0.7 1.3-1.4 1.5-1.6 0.2-0.4 0.2-0.4-0.9 0 -1.8 0.6-2 0.6-1.2-0.4 0.6-0.7 1.4-1.9 1.4-2.3 0-0.1-0.3 0-0.7 0.2 -0.4 0.2-1.2 0.5-1.8 0.7l-1.1 0.4 -1-0.7c-0.6-0.4-1.4-0.8-1.8-0.9C40.8 21.9 39.1 21.9 38.2 22.3zM34 64C17.4 64 4 50.6 4 34 4 17.4 17.4 4 34 4s30 13.4 30 30C64 50.6 50.6 64 34 64z" class="symbol"/>
</svg>

                                </a>
                                <a href="https://www.instagram.com/kolonial.no/" target="_blank" rel="nofollow noopener noreferrer" class="instagram">
                                    <svg xmlns="http://www.w3.org/2000/svg" height="67" viewBox="0 0 67 67" width="67" class="social-media-logo instagram" aria-label="Instagram">
    <title>Instagram</title>
  <path d="M43.3 26.6v0c0.5 0 1 0 1.5 0 0.6 0 1.2-0.6 1.2-1.2 0-1 0-1.9 0-2.9 0-0.7-0.5-1.2-1.2-1.2 -1 0-1.9 0-2.9 0 -0.7 0-1.2 0.6-1.2 1.2 0 1 0 1.9 0 2.9 0 0.1 0 0.3 0.1 0.4 0.2 0.5 0.6 0.8 1.2 0.8C42.3 26.6 42.8 26.6 43.3 26.6zM34 27.8c-3.4 0-6.1 2.7-6.2 6.1 0 3.5 2.7 6.2 6 6.3 3.5 0.1 6.2-2.7 6.3-6C40.3 30.7 37.5 27.8 34 27.8zM22 31.1v0.1c0 4.5 0 9 0 13.5 0 0.6 0.6 1.2 1.2 1.2 7.2 0 14.3 0 21.5 0 0.7 0 1.2-0.6 1.2-1.2 0-4.5 0-9 0-13.5v-0.1h-2.9c0.4 1.3 0.5 2.7 0.4 4 -0.2 1.4-0.6 2.6-1.3 3.8s-1.6 2.1-2.8 2.9c-2.9 2-6.8 2.2-9.9 0.4 -1.6-0.9-2.8-2.1-3.7-3.7 -1.3-2.4-1.5-4.9-0.7-7.5C24 31.1 23 31.1 22 31.1zM46.2 49.3c0.2 0 0.3 0 0.5-0.1 1.2-0.3 2.3-1.3 2.5-2.6 0-0.1 0-0.3 0.1-0.4V21.8c0-0.1 0-0.3-0.1-0.4 -0.3-1.4-1.4-2.4-2.8-2.6 -0.1 0-0.1 0-0.2 0H21.8c-0.1 0-0.3 0-0.4 0.1 -1.4 0.3-2.4 1.4-2.5 2.8 0 0.1 0 0.1 0 0.2V46.2c0 0.2 0.1 0.3 0.1 0.5 0.3 1.3 1.4 2.3 2.8 2.5 0.1 0 0.1 0 0.2 0H46.2zM34 64C17.4 64 4 50.6 4 34 4 17.4 17.4 4 34 4s30 13.4 30 30C64 50.6 50.6 64 34 64z" class="symbol"/>
</svg>

                                </a>
                            </div>

                            <a href="https://www.tryggehandel.no/butikker/kolonial-no/" target="_blank" rel="nofollow noopener noreferrer" style="text-decoration: none;">
                                <svg class="trygg-ehandel" xmlns="http://www.w3.org/2000/svg" xmlns:xlink="http://www.w3.org/1999/xlink" viewBox="0 0 261 261" aria-label="Trygg E-handel">
  <title>Trygg E-handel</title>
  <defs>
    <style>
      .cls-1 {
        fill: url(#linear-gradient);
      }

      .cls-2 {
        fill: url(#linear-gradient-2);
      }

      .cls-3 {
        fill: url(#radial-gradient);
      }

      .cls-4 {
        fill: url(#linear-gradient-3);
      }

      .cls-5 {
        fill: #fff;
      }

      .cls-6 {
        fill: #b4cd47;
      }

      .cls-7 {
        isolation: isolate;
      }

      .cls-8 {
        fill: #576672;
      }

      .cls-9 {
        fill: url(#linear-gradient-4);
      }

      .cls-10 {
        fill: #956e38;
      }

      .cls-11 {
        fill: #f1e7dc;
      }
    </style>
    <linearGradient id="linear-gradient" x1="74.83" y1="72.53" x2="191.37" y2="189.07" gradientTransform="matrix(1, 0, 0, -1, 0, 262)" gradientUnits="userSpaceOnUse">
      <stop offset="0" stop-color="#4980bd"/>
      <stop offset="1" stop-color="#2b4994"/>
    </linearGradient>
    <linearGradient id="linear-gradient-2" y1="131.5" x2="261" y2="131.5" gradientTransform="matrix(1, 0, 0, -1, 0, 262)" gradientUnits="userSpaceOnUse">
      <stop offset="0" stop-color="#e8d4ab"/>
      <stop offset="1" stop-color="#c79d5f"/>
    </linearGradient>
    <radialGradient id="radial-gradient" cx="130.5" cy="131.5" r="130.5" gradientTransform="matrix(1, 0, 0, -1, 0, 262)" gradientUnits="userSpaceOnUse">
      <stop offset="0.79" stop-color="#4980bd"/>
      <stop offset="0.81" stop-color="#487fbd"/>
      <stop offset="1" stop-color="#4678bb"/>
    </radialGradient>
    <linearGradient id="linear-gradient-3" x1="50.7" y1="130.7" x2="215.5" y2="130.7" xlink:href="#linear-gradient-2"/>
    <linearGradient id="linear-gradient-4" x1="90.8" y1="106.95" x2="174.3" y2="106.95" gradientTransform="matrix(1, 0, 0, -1, 0, 262)" gradientUnits="userSpaceOnUse">
      <stop offset="0.16" stop-color="#e6d2a7"/>
      <stop offset="0.19" stop-color="#e4cfa2"/>
      <stop offset="0.4" stop-color="#d7b985"/>
      <stop offset="0.61" stop-color="#cea970"/>
      <stop offset="0.81" stop-color="#c9a063"/>
      <stop offset="1" stop-color="#c79d5f"/>
    </linearGradient>
  </defs>
  <circle class="cls-1" cx="133.1" cy="131.2" r="82.4"/>
  <path class="cls-2" d="M130.5,3a127.42,127.42,0,0,1,90.1,217.5,127.47,127.47,0,0,1-180.2,0A127.4,127.4,0,0,1,130.5,3m0-3A130.5,130.5,0,1,0,261,130.5,130.47,130.47,0,0,0,130.5,0Z"/>
  <path class="cls-3" d="M130.5,0A130.5,130.5,0,1,0,261,130.5,130.47,130.47,0,0,0,130.5,0Zm2.6,213.6a82.4,82.4,0,1,1,82.4-82.4A82.41,82.41,0,0,1,133.1,213.6Z"/>
  <path class="cls-4" d="M133.1,52.9a78.4,78.4,0,1,1-78.4,78.4,78.46,78.46,0,0,1,78.4-78.4m0-4a82.4,82.4,0,1,0,82.4,82.4,82.41,82.41,0,0,0-82.4-82.4Z"/>
  <g>
    <polygon class="cls-5" points="90.2 25.7 88.2 20.2 68.5 27.6 70.3 33.2 77.3 30.5 84.9 52.3 90.8 50.1 83.2 28.3 90.2 25.7"/>
    <path class="cls-5" d="M116.7,23.8c-1-6.1-4.8-8.3-11.6-7.2l-10,1.7L99.7,47l6.2-1.1-1.7-10.7,3.9-.7,6.5,9.9,7.2-1.2-8.3-10.9C116.2,30.9,117.4,27.8,116.7,23.8Zm-9.5,6-3.8.7-1.3-7.8L106,22c2.7-.5,3.9.3,4.3,3.2C110.9,28.3,109.9,29.3,107.2,29.8Z"/>
    <polygon class="cls-5" points="134.3 25.6 133.1 28.5 133 28.5 131.9 25.6 127.4 14.5 120.4 14.3 129.7 34.3 129.5 43.6 135.9 43.7 136 34.5 145.8 14.9 138.9 14.7 134.3 25.6"/>
    <path class="cls-5" d="M147.4,29.9c-1.9,9.7.8,15.5,10,17.6a20.51,20.51,0,0,0,8.5.2l2.8-14.2-5.4-1.2L161.4,42a8.06,8.06,0,0,1-3-.3c-4.8-1-6-3.4-4.6-10.5s3.4-8.7,8.8-7.5a20.24,20.24,0,0,1,6.4,2.7l1.7-5.4a20.69,20.69,0,0,0-7.3-2.9C154.2,16,149.3,19.9,147.4,29.9Z"/>
    <path class="cls-5" d="M189.3,33.1a21.1,21.1,0,0,1,5.8,3.9l2.6-5a23.53,23.53,0,0,0-6.6-4.3c-8.7-3.8-14.2-.9-17.9,8.4s-2.1,15.4,6.7,19.2a21,21,0,0,0,8.3,1.9l5.3-13.4-5.1-2.3-3.6,9.1a8.76,8.76,0,0,1-2.9-.9c-4.5-2-5.2-4.5-2.6-11.2C181.9,32,184.2,30.8,189.3,33.1Z"/>
  </g>
  <g>
    <polygon class="cls-5" points="66.1 202.5 74.7 209.1 77.4 204.9 64.4 194.9 50.6 216.1 64 226.4 66.8 222.3 57.8 215.3 60.9 210.5 68.2 216.1 70.6 212.3 63.3 206.7 66.1 202.5"/>
    <polygon class="cls-5" points="73.7 216.4 72.1 219.8 80.2 224.4 81.9 221 73.7 216.4"/>
    <polygon class="cls-5" points="102.3 216.5 99.3 226 91.3 223.1 94.3 213.5 89.2 211.6 81.5 236.2 86.7 238.1 89.8 228.1 97.8 231 94.7 241.1 99.8 243 107.4 218.4 102.3 216.5"/>
    <path class="cls-5" d="M116.1,219.9,105,244.5l5.7.8,1.9-4.8,8.7,1.2.8,5.2,6,.8-5.4-27Zm-1.7,15.9,3.4-8.5,1-2.6h.1l.3,2.8,1.3,9.2Z"/>
    <polygon class="cls-5" points="145.9 220.7 146.9 233.6 147.2 236.4 147.2 236.4 145.5 234.2 136 221.5 131.4 221.9 133.4 247.8 138.2 247.4 137.1 233.8 136.9 231 136.9 231 138.6 233.2 149 246.5 152.7 246.2 150.7 220.3 145.9 220.7"/>
    <polygon class="cls-5" points="187.5 229.5 185.1 224.2 193 220 191.1 215.8 183.2 220 181 215.4 190.5 210.4 188.3 205.8 174.1 213.3 184.8 236.7 199.4 229 197.4 224.3 187.5 229.5"/>
    <polygon class="cls-5" points="213.9 211.8 205.9 218 194.7 201 190.3 204.4 204.3 225.7 216.7 216.2 213.9 211.8"/>
    <path class="cls-5" d="M162,217.3l-8.7,2.6,6.6,25.1,8.7-2.6c6.8-2,9.4-6.6,7-15.7C173.4,218,169.4,215.1,162,217.3Zm5.3,20.1-3.4,1-3.9-15,3.4-1c3.7-1.1,5.4-.1,6.9,5.9C171.9,234.7,170.8,236.3,167.3,237.4Z"/>
  </g>
  <g>
    <polygon class="cls-5" points="33.8 151.1 33.1 151.2 43.3 141.2 43.1 139.8 28.3 142.6 28.6 144.3 39.4 142.2 40 142.1 30 151.8 30.3 153.4 45.1 150.7 44.8 149 33.8 151.1"/>
    <path class="cls-5" d="M29.3,136.4c1.1.8,2.9,1.2,5.3,1.2h.6c5.5-.1,7.7-1.9,7.6-6.2-.1-2.2-.7-3.7-2-4.6s-3.1-1.3-6-1.2-4.7.5-5.9,1.5-1.8,2.5-1.7,4.7S28,135.5,29.3,136.4Zm5.7-9c2.4-.1,3.9.2,4.8.9s1.2,1.6,1.3,3.2c.1,2.8-.8,4.2-5.9,4.4s-6-1.3-6.1-4C29.1,129,30,127.6,35,127.4Z"/>
    <path class="cls-5" d="M46.4,101.1l-7.2-2-.4,1.6,6,1.6a7.06,7.06,0,0,1-.3,2.8c-.5,1.7-1.2,2.7-2.2,3.1s-2.6.4-4.8-.2-3.6-1.4-4.3-2.4a4.4,4.4,0,0,1-.2-3.8,7.08,7.08,0,0,1,1.6-3.1l.2-.3-1.6-.7-.1.2a9.53,9.53,0,0,0-1.7,3.5c-.6,2.2-.5,4,.5,5.3s2.7,2.4,5.3,3.1a11.79,11.79,0,0,0,3.5.5c3,0,4.8-1.6,5.7-4.9a10.79,10.79,0,0,0,.3-4.3Z"/>
    <polygon class="cls-5" points="50.2 89.6 47.1 96.7 42.2 94.6 44.7 88.7 43.2 88.1 40.7 93.9 36.5 92.1 39.4 85.3 37.8 84.7 34.2 93.1 48 99 51.7 90.3 50.2 89.6"/>
    <path class="cls-5" d="M43,121.2l-6.5-.8.4-2.9,6.9-2.9.3-2.2-7.3,3.2c-.1-1.9-1.4-3.1-3.6-3.4a3.71,3.71,0,0,0-3.2.7,4.88,4.88,0,0,0-1.5,3.3l-.6,4.9L42.8,123Zm-7.7-4-.4,3-5.2-.7.4-3.1a3.11,3.11,0,0,1,.8-2,2.42,2.42,0,0,1,2-.4C34.9,114.3,35.5,115.2,35.3,117.2Z"/>
  </g>
  <path class="cls-6" d="M233.3,104.8c.2.2.5.1.7,0a3.69,3.69,0,0,1,2.9-.4,5.66,5.66,0,0,0,1.8.3c.2-.1.4.1.5.3.4.7,1.2,1.3.6,2.3-.1.2,0,.3.2.4s.5.1.8.2.4.1.7.1c1,.8,1,1.7-.1,2.2a29.62,29.62,0,0,1-3.1,1.5,19.62,19.62,0,0,0-4.5,3,1.79,1.79,0,0,1-.7.5c-2.1,1.6-4.1,3.4-6.1,5.2a28.48,28.48,0,0,0-2.3,2.6,5.5,5.5,0,0,0-.7.9c-2.1,2.4-4.2,4.9-6.2,7.3-1.1,1.3-2.2,2.7-3.2,4.1-1.6,2.1-2.9,4.4-4.5,6.5a1.59,1.59,0,0,0-.4,1.2,2.34,2.34,0,0,1-.2,1.2c-.2.3-.6.4-.9.6s-.5.4-.1.7.4.7-.1.9a1.16,1.16,0,0,0-.7.5,1.86,1.86,0,0,1-1.5.9c-.6,0-.9.6-1.1,1.2-.3,1-.8,1.4-1.9,1a.76.76,0,0,1-.4-.2,1.35,1.35,0,0,1-.9-.5,15.38,15.38,0,0,0-1.2-1.3,22.09,22.09,0,0,1-4.5-5.5,29.72,29.72,0,0,0-3.8-4.8l-6-6.6c-.3-.4-.5-.7-.2-1.2a19.48,19.48,0,0,1,4.2-3.9c.2-.1.3-.4.4-.6.1-.6.5-.7,1-.6a4.71,4.71,0,0,1,1.5.6,38.45,38.45,0,0,1,5.2,3.8c1.4,1.3,2.8,2.5,4.1,3.8.8.7.9.7,1.6-.1,1.5-1.8,2.9-3.8,4.3-5.6a10.48,10.48,0,0,1,2-2.2c1-1.3,2.4-2.4,3.4-3.7,2.3-2.2,4.3-4.6,6.6-6.8.7-.6,1.4-1.3,2.1-1.8,1.1-.8,2.2-1.8,3.3-2.7.5-.9,1.4-1.2,2.1-1.8s1.7-1.2,2.4-1.8a5.55,5.55,0,0,1,.8-.6,9.13,9.13,0,0,1,1.3-.8C232.6,104.6,232.9,104.4,233.3,104.8Z"/>
  <path class="cls-5" d="M164.9,127.9l-3.5-.3c.1-1.2.1-24.1.1-26.1a29,29,0,1,0-58,0v2.3h.1v7.8h0v16.2h-3.5v-17c0-2.6-.1-9.2-.1-9.3,0-18.1,14.6-32.9,32.5-32.9S165,83.4,165,101.5C165.1,101.7,165.1,126.7,164.9,127.9Z"/>
  <image class="cls-7" width="271" height="267" transform="translate(100.55 69.06) scale(0.24 0.24)" xlink:href="data:image/png;base64,iVBORw0KGgoAAAANSUhEUgAAARIAAAEOCAYAAABFI5jDAAAACXBIWXMAAC6ZAAAumQHd3klXAAAgAElEQVR4Xu2d53obR7KGzwWcH+ci9gJ8CbikvYEVcwCYA5gDGMGcSQWGpmSvvbuWxPXaktertS3JsixZsumc7Tr91cyApAByMAOQBIdfPc/7yJaaGCjwRXV3dfX/iMj/kGgzc/X1lvSqMWML183kypaZWLphRuc2zPD0shlML5qJ5S2TXt3RH8cXr5vR+asmNbuW+fWBiTn7ddvGvk4hvOb3PsnFxXcAuThAGJNWCBDB0NSyFcammYQclm7s25+T4ekVGZpaktTMaua/Bybm9Uf97/E56RudkZ6RKekenpCuwTFJDoxKZ19KeoYnpc/+fK+Slp6Uw2B6wb7W8hGspGRs4ZqML94QKyCZWjOW3T37TCuleZUWBRMtfAeQ0gTSmF6/qRnEiM0ukEGMzK7vQxJDaUcQNptQOeAbHkJo6+6Xls4eae3qk9Zkr7R09Ehze5c0tSelsa1TGlraJdHcJommVok3Nku8oUnqE41SF2/Q/080t+qvNyit+iO+rqktqa/RbH9s6ejW125N9kmbfU6yf8QKaVy6LX1jM9Jv3w+k5UnHvs+9/vFZFd70xi0PyuWC4TuAnD8qDfsNll7bNcg4Juw0Y2Jla39ieVM/+fGNiYyhy8oi2Z+y38COMPAN3gg5NLVIvZUChFBTXy+19Qmlpj4uNXX1DrWgTqmsrpKKykqpqKiQ8vJyKSsrk6qqaqmuqZVq++vV7jj9mrqj1NbF3deP639DRonGFpVTY2uHNFvR4L219wxqpoPMB4KB/JAlaaaUXtwbnFzQadWh7IVyKWF8B5CzB+J4ZX1hf3JlS5zpiX6Ka5aBqUd796A0d3Y7WYSbQeg38iE5VFZXqxjKrRggBQjCoVLKysuU8kOUlV2RK+DKX5SKinL358sy4w++ptzF+fVy97W9MZVVVVJVXePKxxWNxctykAU1tzuZTEfPkCQHR1Uu/VYuVib6e0aW5WUuI3PrZmp9l2IpMXwHkNMH4sACqLcQOrZwfR/rDPh0xqc1so1OzTT6dCqCT3aIo76h2X5DJvQbs7qmTr9pKyptFvHqN76VQm1traRSwzI3NysLCwuyubkpf/3rX+XOnTvy1ltvKv/4xz/k7t278u6778oHH3wgH374oXz88Ufy8OHH9keHBw8eyH/+8x/517/+JXt7e/o1eJ3d3V15++239eeuXt3QZ4C2trYjmU2ZK58jgnEzGUgwjuzFTpma7JTJm4bhx47eIekdnVK54M/FZit7E+50aGrjJuRCsZwjvgPI6XB4J8VKY18XPLGmYbON7qFx/XTGGoYjDJtlxJ3pgjMNsdOL6lr7zVjtyMP9Rr1y5YrU19epMGZmZuTNN9/Ub2x84z969Eg+//xz+fLLL2V/f1++/fZb+eGHH+Tnn3+WH3/8Ufnpp5/0/3/99Vf5/fff5Y8//pBXAz8HMOaXX37Rr8HrfP/99/rf+LlvvvlGnwE+/fRT+eijj1ROeC8bGxtWZnPS0tKimY6X2SA7wu8F2ROmUCoXTI+8KZLNXjBV03WXgRGbuYxZqSxqhmanP2L/PPe4gHt++A4gxQPymFozupuCrGNkdl3l0T08np1tuFMUZBqYlhx8mpdlso1EIiHp9KS88cYbmkm8//77GWF88cUXKgd8Y+cSwlmHJx5IBjJ78uSJ/Pe//9XM5tatm/b3kXbkUllxaLrkZFYQjJe51CXslKipRRd+m9zFXSwkI1MZX7yuu0RWLHuY/nDh9uzwHUAKBwJBTYaduuyn14zO+XUnpX/Epu29uhiKjCOTbdTUOOsaVZU6TSmzmUa8vl4mJyfEmB25ffu2ZhmPHz+Wly9fZjILZBEXKbzMBtkMfh+QC6ZSyF4wTVpdXZX5+XlpaGjISLTSSrUKWYs3JbKy9bIV3aa2f66Y+ozMrjlrK5PzOgWaWr9JoZwivgNIOLypy/DMqrH/sPd1gXR4UrdBsavS0NKm3wAQyJGso+wg25i02QbEce/ee5pp4Jvtu+++U2mUQpZxWgG5YJr01Vdf6fQIazPIXDAt6upKShUE66654EdvKlSfaNJsThdue4dVLL2pKSuUFbEC59TnFPEdQIKhAsH0ZXlrf1S3Zpd1zQOLhhAHdit0rePwbkpZua4XjI6O6KKnN0XxxPHbb7/JZQ4vc8G06LPPnsqHH/5X11swnevoaD+UrVSpVJCl1MWd+hcs2mKhFiJP2SxlcnVbbHayx2lPcfEdQPIDAhlf0vLyffyD1doOm2ajCAzFW1rDYeVRpfKo0m1SbLF2d3fJ5uYN3SV58eKFrmtctCnKWQfEgvUWZGZPnz7VqdD09LTuTGEqiOlPZZW3aBuXukSjTn0cocw5U5+5dUx/9kbnN/B3RqEUiO8Acjxakr7inE+ZWLqxP7ZwVbdrO3oHtfAKaXatK5BKb73DymN0bMxmHm/pOsdnn32mOyiUR/hAtoLFZWRxt+/clqWlJYkn4k6mYoVdVVOTEQoWszG1RK0KpKKFcFPLeyN2CoqFcE57wuE7gGTjlaenV83+yNyG/mNEARUWT/EPVXdc7Jwdn4peXQemLmNjo5qSY1cFmUeU1znOK5CleOsq169fl6amRmf3p8KpXYHUIRTs+rR29mpRX//YrK6jjC/dkPTK9h7+bjntCYbvAHKAdyhOD8GhYMxb/0j2aYUm/oHW1NVpOblWjdrsY3BwQHZv7mr2gakLUnLG6QckjTUV7ARh6jM+PiY1NdU2S3GEgmkPppvYMcO2e2fvsPSPz+pOD44d2OnPHk48Uyj54TuAeNu3K2ZgfG4fp12xcIdPMlRcJtz1j+paJwNxdhOuSG9vj7zxxutakIXtTU5dzi8w9YHE7927pzs/DQ0JnfZgodtZnI3rWSRkkygE1CxlfE4/KLh9nB++Ay4zEEgqs327oFMXnGzFwh12YLDliApTnb6UOTsHmL6gBgICQX0Hpy+lE97OjzftaWx0pj2oDPamPZiW4pBhs24hO2X5KHI7VDlLoeTAd8BlBRKxKe6+cyR/Tk+rat2HW6aOTzI9nGazj0QirudK7t+/p598P//8EwVSwuFNez755BMr/X9If3+f7vSoVLwsBYuz9c72MdZQJpe3ZELZtFOeLcrkFXwHXDZUIPNX0eNjH9uEKCJrTfZo6otPLOdci1OujuwDdR+oxsQC3wWs9/izJVZk9uQCBQrfnj17povgutsTr3cL3cp0qx5CwZQHxW2Y7uAU9szVW8xOXsF3wGXCqUbd0YVUdAJDFoLmPag+1foPNwMZHfV2X55fhN2Xk2Txf5LHn0tAXjvheSUrGW+3BwcMr127plmmJxOd8jQ066Is/l2M4UyPzU7GF6/v2ayVMhGKRJk56P+xjzMa3UMT9lOo09mFQQ1IZZUVSLmkUimtpnz+/Hkp7r4cJ4zTkEVYjpNMyQjGm/Z46yg45+OV4WNai9qgDt3hmVOZTG8wOwG+A6KMU1C2bbAWgm0/fNqgWAn/WGpq404diNuoB59SWEDFJ1eJxKviKCVhBOVVwZy7WDyh4LhCMpl0eqi4JfiY5qK1ZE9qUlBHhLWT9Orlrj/xHRBV9Ej/+s19fKpgO7ejb1inMc5Wbp2WsWMag4W4f/5zT/9RnfMWbpTE4UfJiAU7PSjDxzEGbBtDKF6lLBbfcYYKGWxqekUmljZlen3XZiiXTya+A6LGkWnM3LoupjZrA6EWtxq1SouWenp75PU3XteCpnOaxlwmcfhx7mLBMQZkJ1NTafvvpFYLDr2itobmdq0/GZpc1GI2m6HsTV2y7MR3QFSwf6k5pzE4zo/Tomj7V+EepMNWLubI51AHclgel1kcfhwWy5lJxTnT81L+/ve/S0tLs57j0foTtDCw051Mk6X0ovaaHV/avDRC8R0QBZCF4Fi/9vqcXNC/bGzpeSdynV4gV/QYP3Zj0MHrDLdyKY/COHOpYKcO/WwXFxe1tSWEgmZUWIxFA24Us+F+IMhkan1XF2SjXhnrO+CiA4mMzm9oYZlX1o4Gw/gUQQcy7MZgq8/s7OhJ3DOcxngCoTyKhyeVUxcK1suwXby3d1ePQ6DZUoUKxU53bIbr1J4Mo8Ree8paoeyl10xkZeI74CLjHvPfR4NgdCbDwTp8amhV6qEs5P79+9pA6AymMcw+zoYzy1Kwi4eCNnTlR1c7FLNhdweZLhZj0Y8Gi/mQSXrV4CBgJGXiO+Ci4mQiVzUTwZkJ3dJFFqKl0KhKdXqCIAvB3PeUg9nH+XEmWYq3GLu+vuYUs1WUu4uxTlMlLbNf3ca5nb2J5c3IycR3wEXDPSODe072cSy8rXtAd2RqvB0Z+4mBrTwI5AyqUimQ0uHUhYIPpK+//lqF0t7R7mwVV9domT3O7GhV7MI1bfUYtSI23wEXCV1UXdrcH51b18pDrIfUa3VqfWYqc/36NV1MpUAuLWciFPSfaW8/KpPGFufMDv59YqqDRdjpiMjEd8BFQQvMVs0+jO/UhnRpiXule0amvr5ednZ2VCKnWFhGgVwcTlUonkyGhgalChd/uesmyI4x1UZf3/HFGzI2f3VvdG7jwsvEd8BFABIZX7zuLKrinIw1PxZVneKyMunv79frDE5xQZUCubicmlAgE5zLwkIsqmK1RYH2PGnSA6GYeuMi+NGFa3tWLBdaJr4DShn3tK7eWodFVdyPiypDpJHeegh2ZXCj2ylt61Ig0eHUhIKFWGTDKhN3ixhT7pbOblcmF//wn++AUmXGacC8n17Z1iKzdiyqNrceLKqWX5GlpUVtXnNKuzKQCAUSPfCNfCoyQUVsc3OzW8BW6967k9S+v6i2xlkdvXPnAsrEd0Ap4i2qovM3TmDC7EgXMQd17jWpkK2tTXnx8oX8/nvRK1SZhUSfU8lOfvzxB/n3v/8tya6kM82pdqph8QGIQ6Morcf9xdNrN/dmNi6WTHwHlBqZcvepZa1URd8Q/GVgZRwr5O0dbdo+D6d1i7weQoFcPoouFGTHyJKXl527d9DiEbuKaJyEdRMUrzlbxLsXKjPxHVBKQCIjc+v7MDf+0L36EN3aLXeqVHFjHdrnFTk4jbncFHW6gw84lNejo308Hnf7xKILW6PuNuKSNZXJ2u6FyUx8B5QKWqk6t6Hd3FF2jPLjavfAHU7sptNpefjwYbHXQ5iFEI+iZye4JP2dd96RtrZWbV2BPifeuklbss+Z5qzf3LNCKXmZ+A4oBbxy98H0kmYi9UdaIF7RStVnz58V+8QusxCSi6JmJzirg7NebW1tusuIKTqybFyJ0Tc67Rz4WzN79seSlonvgPNmxrsWYmpZe2XqfTLuoqp3XgZpYhHXQ5iFED+Kmp2gNAH3FqdSw3qK2Ote712F4Rz42ynpA3++A84Tr9AsNb2qpcWwtJa7V1TotQHvvvuvYjcfYhZCglC07AT/hnH+C+t8jkxqtOFWS7JX71XKHPhbKs0Df74Dzgtni/dGpqu7XgtR5yxM4UJuZCKQSBGDEiFhKKpMHj78WLq7uzJndNB5DZ38sJujN/45hWslJxPfAefB4cN3ODfjlLwndKsMayLXrl2Vr7/+SooUnMqQQinaVAebBQ8ePJAO9/Sw17UeMsGHqh72w+nhEmvf6DvgrPGaEY3NX7XzwxldwcYFVU7J+xXt9/BSC82KcvCOWQgpJkXJTrwDf5BJpXuFKGTS0TOoh/2QmUyV2Mlh3wFnDc4boFR44FAbgKqqal3RXl1dlc8//5wSIaVM0WSCkvqmpqbMfcRoEYoiTGQmqDMZW7geE//3cyb4DjhL3Ksi9ABea7JX99TRBgAneHFNJq6GoETIBaAoMvn+++/FGJM57IfrUtAuFM3Lh6dWJDWztpeaWS2JrMR3wFmhOzRLN/SqCNSKoEWdl4lAIrgeokjFZpQIOQuKIpMjJ4dRTu82SOodSeshv9G5jb3h6ZVzl4nvgLPAW1wdmnIKztDSH6kcFps6Ozt1vkiJkAtIURZhIRNM6+vqat1t4bg0dXRl+plMl8BOju+A0yZbIs1SU1MnFVYiHe3tcu/evWLct8udGXKeFJydoOgSMsHZHJVJPCHN7V3aQsNm8jKt53LObyfHd8Bp4pzk3dSqVcz7cAhPz8/Y+WDC/oHhsqoiHMBjFkJKgaLIZHx8XKqrqzOZCWSCzOS8Twz7DjgtDp/kxUo0Cs609N1mIig4+9vfilJwRomQUqJgmXz66acyPDysfWCdQ34JrTFBs/NMQ+lzyEx8B5wW2OZFj1VkIliJPuj0/hdtSoR+IgUGJUJKkYJkgl1LXBfa0dHhnBhG9WuiMVP9CpnY762Y+L+PouI74DSYca/RROm7FpzVx4/cOVOEQ3iUCCllCpIJNh707pz2tkwPWNSY4A6nscVrkl47++tBfQcUm8xp3vSSWlRrRaqcWhF026ZEyCWhIJngxDCaeEEm2gO2tk6XB7zWA2d9PajvgGKDKc3I3Lo2vIVFq911kZGRlDx9+rRQiSBiksf7IKQEMFJAIDO5efOmJBoSWnOF82ityT7ngN/qNtZLYuL/HoqC74Bi4lWuYpW5sa1Ti2sqKiq1JcD9+/eKUSvCbIRcJArKShCoMZmYmMi0HkDvV2T6o3MbuObizNoO+A4oFged31d1LofKVe80740bN/QPpMCgRMhFpGCZoOq7s7MjcwEXpji4Z/gs2w74DigWmNKMLVzX3iJevUh5eYWWvz99+mmhZ2goEXKRKUgm3hQHZfToroZ1x7auPj3chzJ6S0z830NB+A4oBt6UBlV4uD5CL7GqrJK6ujqtXC1wSkOJkChQkEyypzhNknRPCo+ewf3CvgMKxekvsr2PPgq4DQ973t5W787Ott7HW0BQIiRKFCSTI1Ocmlqtz8IU5yzO4/gOKBRMaSaXt7TTWUKrV+t1lwZTGvSoLGCXhhIhUSS0TF6d4ugujp3iDE+vCBqFWWLi//xQ+A4ohMwuzdisNLV26C4NakYSiYS24C9wShOTPN4DIRcQIyHDm+JU11RbnKpXNE5H3ZYVyqm1HPAdEJYjuzQoPEPPVbfwzJgdTmkIOZ7QWQnCm+JkCtUwxUmhf8mNU5vi+A4IC6Y0kEiyf8TZpamp45SGkPwJLZPMFKexwTkljDty2pPacgBrlamZtZj4Pz8QvgPC4E1psNDTaKc0eo2EtWNra4t88MG/C5nSUCLkMhFaJpji4LYFLCNg4bUu0SDtPQN6Shj34xQ7K/EdEBSbOrVMLG9lpjS19e5ZmrIr1pK72oeygIhJHu+BkAhhJGSg5UBXVzJzrQUK1XrsFGds4arbu6R47QZ8BwTFm9Lgom8s9HgtEycnJ+TZs2ec0hASjNBZCTJ/715hHEVBvx9cA+od7CtmuwHfAUE4aA8wLommVveOXqd69eHDh5zSEBKO0DLBKWE0j04k4nqwz6l67Zfxxesytba7ZylKVuI7IAiZbETbAxxcaoWWifgNhQxKhJACZILWHL29PYemOK0HWUmRTgj7DsgXr89IT2ryIBspr9C2cM+fP5cCIiZ5PJ+QS4CREIHlhFu3bunCK7KS+oSTlaBIzcqkKH1LfAfki9NnZENXhrFCXFHpZCN37twupAs8sxFCDig4K/FOCKMzYd/YjJ4QLkbfEt8B+TDjXm6FdAlvEIfyvJoRZCMFLLDGJI/nE3KJMBIivKzEK5+PNzZrv2R0n5/euFnwdrDvgHxwWgRck47eIfdQXrVcucK1EUJOgYKzEq/iFVdZpKZXitJqwHeAH1oKv7ylF1y1dHRrNuLd1YsLv0MGJULI8YSSSSYr0YpXJyvxLiXHDk4hWYnvAD+QjeCmLzQswlWb2KlBNvLPfxaUjcQkj2cTcokxEiJwzUtfX6+U2w97fOi3dvYKLqjDjGJs8XpM/J+bE98BJ+H0GtnZxzHl1mSvlsJ7ayPMRgg5VUJlJQhnB8e5+jPe1CI9uJC8wJ4lvgNO4nCvEXSE93qwvvvuvwopPotJHs8mhBSalZQ7WUmy8J4lvgOOA9nI1JrRMzV4I4ezkRcvXkjIYDZCSP4UmJUknKzEJgGo/8Kia9isxHfAcSAbSa8aPQSERRu8IbRPfOedd7g2QsjZYSREfP3111lZCZofTa3thjqD4zsgF8hGptdvah9W54Svk428/vqtQk73MhshJDihspIj1a42CdCy+ZFp9wzOzb3pjWBZie+AXFAkhJQMF1okxopE27cl7PwKZbfY8sVdpAXcTxOTPJ5NCMnCSIhwCtR69fwN+inj4jpc9xmmxYDvgFzMuPf3OtlIQkXSa+dbuLs3ZDAbISQ8BWUlDQ0NblbiND5Ccenw9HJM/J+bwXfAq2jPkTmn5wgWWb1erG+88Yb88MMPEjICvWlCSBZGQgT6J3d1dTmXkLu9StAidXzpxt7U+s28pze+A17F6zmC+zLQJAWdl0ZGUpqNhDycx2yEkMIJlZWg3iudTmdu6GtoapXu4Qnn3uAA0xvfAa8Ckdi0R5o7ujKLrHNzs/Lll19KyMj7zRJCTsRIiHjzzTedU8HoVdLQJJhtnKpItHnR4vV9zKNwxURlpufInbA9R5iNEFI8QmUlaPXR3d2lPYTQkAzHXUbnr2q3+YnlrbymN74DDoNsZHQezYsGtV2ALrL29hYyrYlJHs8lhOSNkYDx22+/yfLystTW1uipYHQ47B2ddpse3YyJ/zODiyQ1s2KnNd26XYRpzbVr17R2P0QwGyGk+ITKSu7du6f3ToWd3vgO8HD6jmxqFzRMa7yS+Pfff1+NFiLyeoOEkMAYCRg//vijDAz0a3KAtc+2rj7tUzK9nl/3NL83lMHpO3JdOvtTUhtPSHlFwQf0YpLHcwkhgTESIra2tiQed9oL4IbMofSijC9cR7VrTHye6feGMnjbvi2dPZkuaG+99ZaaLERwWkPI6RFqevP48WNJJjt1eoMaMWyqoE/J1NpuTHye6feGFExr0qs7+95JX9zjG4/Xy0cffcRFVkJKEyMBA6f2p6bSUmsTBUxvOnoHBclDPm0Y/d6Mog2MVrYl2T8idfFGndaMjIyE7YLGbISQ0ydUVoKaksYm56pdXO85MDEnI7PrMjq3EZMTnuf3ZhQ9WzO75rRTdIvQdna25bvvvst+J/5x4hsihBQNIwEjUzKP5tANTdr9cGLphqRXTUxOeJbfG9FpjWUf9ffYX3Z2a67odhF3awgpaYwEjJ9++kl3b/TsjZ3itHX3a8MjK5ITpzd+b8QpQpvbkM6+YanTO2uqtHHso0ePcr0Pv+C0hpCzI/D0BmueqA3T3RvcE9zSrof4/FoL+L0RFQleCPMl7wa9yclJefnyZa734RfHvhFCyKlgJGC8/fbb0tzstE+td6c3fq0FTnwTerZm/up+18CoviAWYArc9j32jRBCTgUjAePJkyfS1ZV0pjf1Cb2GF7s3JxWnnfgmvLM1uCMUZ2tw1R86oT148CDMti+nNYScPYGnN9gGHhwc0NmH7t60dsro3LqkV7ZRNh+THM858U1AJLjror13UHuPYNt3aGhQTwuGiJxvgBBy6hgJGJl+rlXOIb4+7xDfeu5DfCe+Aa+aFYf0cG8NCtF2dna47UvIxcJIwHj//fvS1taa9yG+Yx8+416ANTA+ryu3uL0cqc6dO7fD9h7J+QYIIaeOkYCBYlP0KHHWSeLS0XNyleuxD59xL8BC27X6RFOmfuTBg/9wfYSQi0XgdRK0YMysk9TWSoudlfSPz6GeJGdWcuzDtZp1buPgcvDCTvtmPZgQcqYYCRjb21t6pq6qpkYSzW0n1pMc++DM+kh7l1s/UiZ//WvoTvFZDyaEnClGAkZmG7jaf53k2AdDJAM2lcGKrbc+cvs210cIuaAYCRjOBVo9uk5SF09oGQhu4st17ubYB0MkfaMz2jag0r4QuqG99957Yc7XcH2EkPMn8DqJd+4GvZkxK+noHRZcjDexdCMmr7x+zofqjs2q2e8emnD6j1Q53eI//PDDMAutWQ8lhJwLRgIEvtdRN5ZZcO3s0VL59Fr2Ab6cD3R2bHaka3BMK1q9g3qffPL4+KceHzHx/w0SQk4fIwFjZmbauTyrpkbLQHTnZi175ybnA2eO3O3r7NjwoB4hFx4jAWN3d1eTCO1P0tRy7M5NzgfOZK6dONixKeBu3yMPJIScG0YCBjZYmpoadZ1Ud26Ouc4z5wNn3Gs5kcrUuDs2OFrMHRtCLjRGAobTMS2pIsF5u66hsWAi6R+f1VTG2fotk7t374YRCXdsCCkdAu/cHN4CxjIHGpyhI8DE8lZMDr121sN0x2Z9dx8pDHZsqnTrN3TrgCMPI4ScO0YCxJFS+ZpaaesekOEcOzdZD9IdmzUjXYPj7o5NtR4n5o4NIZHASMBIpyeloqJcF1xx5mYgx5mbrAdlepBY86A7EnZsxsfHeMaGkGhgJGCgNwl6uGpS0dwqval01s5N1oM8keDuTxVJeZnMzs7Il19+edKzjovMgwghJYGRgHHnzh1pbm5SkWC5A8seuKJiau2gVD7rQSqShWvSluzLnPqdX5iX/X2KhJAIYCRgYKMFIqk6JBJdcD1UKp/1IO/UL8phVSTl5bK2tiZff/31Sc86LjIPIoSUBEYCBq6eSSaT2pMIIsHUZmR2FX1cY+K+btaDnBqSlSPtAzY2NuSbb7456Vm5glu/hJQegbeAv/jiC+np6TloJ5Dv1OawSHDqF/eBhrh+IvMQQkhJYSRAoJYEItHq1kSj25dkS6Y3bsXEfc2sh3hVrY2tHVrVints/v73v+mR4oCReQghpKQwEiC8ojStbk2gunXcZiSbMrW+GxP3NbMekimPb27LNDT6298gEmYkhEQEIwHiSHWrWybvNDjaiYn7mlkP0c5oE/O6X3zQOf5OmPL4zEMIISWFkQBxtEw+oQ2OkJH4Tm28Fos17jmb9957V0tlA0bmIYSQksJIgPj222+lr6/PEUldXItVIRLfgjQVic1InCsoyhggQgkAAAurSURBVOSDDz6Q33///aRn5YrMQwghJYWRAIHZyMCAdzVFnRarYtfGVyQ9qbTNSFqsSGpVJB999OFJzzkuMg8hhJQURgIEkgi0XMTGCzql4Yqa8XxEgl6t2OZBRnLFiuTjjz8+4THHRuYhhJCSwkjAgEiuXPlL5uAeFltPFMnw9LLp7B9xLw2v0FN/Dx9+fMIjjo3MQwghJYWRgDEyklKRYAsYNWauSNBK4E/2l7NFMjA+Z9C8REViU5nKygorkocnPuSYiIn/b4gQcvYYCRgzMzPqgldEIl5PkqyHDEzMW5GktPCEIiEkkhgJGBMT4+qDqqMi+bPlf+0vHyOSfoikkSIhJJoYCRijoyPaKfEVkcTEfc2shwxOLphk/4gutkIk+GIuthISKYwEjHAiGfBEUq4LLBQJIZHCSMAILpL0IkVCSLQxEjACi2QovWS6Bka17wC6o1EkhEQOIwEjuEimrEhw5y9FQkhUMRIwIJLKykotUs1LJAMTc7r9G29o1nJYlMi/+y4P7RESIYwEDBWJzUZwt01eIul3C9LQm7Hm0C17v/zyy0nPyRWZhxBCSgojASOVGtaMpLom74zEKUg7KhL2IyEkQhgJGMPDQ1IRWCT9Kd21QRoDkbCxESGRwkjAUJFUWJHku0ZyuCCNIiEkkhgJGENDYUQycFQkXCMhJFIYCRieSHCzRHM+bQQOCtKaXJGUy97eHkVCSHQwEjAgErQVQavFvPqRHC5Io0gIiSRGAsaBSOrzFMmhgjQVSQVFQkjEMBIwPJHkPbUZnlpWkcQzGUkZRUJItDASMIKLZHrF4Eo+VLZSJIREEiMBQ0VSbkVSG1QkjRBJHUVCSPQwEjAckZTnL5LUzKrBbeMqklqKhJAIYiRgHIgE99r0+1+QRZEQEnmMBIzDImnvGZSJZT+RzK6ZnuFJioSQ6GIkYBzJSPK5snNkdt30pCYl0dhCkRASTYwEjOAimVt3ruy0IqmhSAiJIkYChiOSMqmpgUjyWCMZndvI3P1LkRASSYwEDE8k2MnNa7F1dH7D9I5MUSSERBcjAeNAJLXSmp9IrroiaaVICIkmRgLGUZH0WZHcOFkkYwvXrEimKRJCoouRgAGRlHkiSeYpkr5RiKSNIiEkmhgJGEdF0usvkvHF645ImikSQiKKkYChIimzIql2RDLuL5Ibpm9sRhooEkKiipGAcSCSGmntzEckS65IWigSQiKKkYBxVCQ9/iKZWNo0/WOzViTtFAkh0cRIgPjjjz+sSAadKzutSFryEsmyFck4RUJIhDESIHKKZNFXJFtWJHMUCSHRxUiA8ERyxRNJRx4imVzZdkTSSpEQElGMBIiMSK5YkVRVu82f8xDJwMS8FUkHRUJINDESIHKLxKdDWnp1R0XSqCKpp0gIiR5GAoQnErgAU5u8Wi2mV40ZnFygSAiJLkYCxIFIygOIZI0iISTiGAkQ2SLJ4+7fqbVdM5helCaukRASVYwEiCyR5HOJ+NT6rhmyIsH2Lw7olFEkhEQNIwHi119/lcHBgSMiSc2uyeTKVkzc18x6yPT6TSuSJS2Rp0gIiSRGAkQukYzNXxXripi4r5n1kOmNW2ZoiiIhJMIYCRC5ROI7tYFIelNT7k17FAkhEcRIgAglkuHpZdPZn1KRcLGVkEhiJEB4IqmorNTkIi+R9I/Pmc6+4VdEcpciISQ6GAkQnkgqq6oKE8nduxQJIRHCSIAIJZKBnCK5Iz///PNJz8oVmYcQQkoKIwEinEgm5q1IUhQJIdHFSIAIL5L+lNQnGvWLIJI7dygSQiKEkQBRkEjqKBJCooqRABFaJMlXMpLbt29TJIREByMB4kAkAbZ/BycXKBJCoo2RABFeJAMjR0TC7V9CIoWRAFEkkZSzspWQaGEkQGREEqSy9UAkTRQJIdHESIA4LJLaurh09A7JxPKmn0gWKRJCoo2RAHF416YunpBk/wh6kfiIJA2RjEp9A0VCSEQxEiC+++476e/v0w7ydfGG/EQyZEXSdVgkFRQJIRHDSID45ptvpK+vN6hIlkzXIEVCSIQxEiAOi6Q2mEjGKBJCoouRABFOJFMUCSERx0iA+Oqrr6S397BIUvmLJJ5ZbGWHNEIihpEAsb+/b0XSc1Qky74iWaZICIk2RgLEqyLpzEckwyqScYqEkOhiJEAcFUkiT5FMW5EMQSTNFAkh0cRIgAgpkhXTnREJu8gTEkGMBAiKhBCSCyMB4ohI6q1I+oYDiKSRIiEkohgJEAWIZMIRCS/IIiSKGAkQoUSSmlmlSAiJNkYCxKsiwaHesYVrMrmyHRP3NbMeoiIZpkgIiTBGAsSrIkGd2dj8VZlY2oyJ+5pZD6FICIk8RgIERUIIyYWRAJFLJKPzGzK+dCMm7mtmPSQ1u2ZFMkmREBJdjASI0CLpUZG0UCSERBMjASKnSOasSBZPEMkIRUJI1DESII6KJJ6vSNZNT4oiISTCGAkQx4vkekzc18x6iCOStCQoEkKiipEAEU4kcwciqaFICIkiRgJELpGMWJGM5SWSJoqEkIhiJEAcK5KFE0RiUxaKhJBoYyRAHBFJnSeSdZTJx8R9zayHUCSERB4jASKcSOY3TO/IFEVCSHQxEiAKFEkrRUJINDESIEKK5CpFQki0MRIgcopkdg0H92LivmbWQygSQiKPkQCRSyQpK5LRk0QyRpEQEmVaLPsSII6KpD5PkSxcsyKZpkgIiSZGAkZ4kYxCJG2FiOTPlv8T/98UIeRsMRIwcotkFa0EYuK+btaDMiJpLkgkmQcQQkoKIwHjyZMnkkwmj4pkZhXnbWLivm7WgyCSPoqEkKjymjjfn7nYkxzx6NFD6ezsCCiSxesUCSGXk8OSyUjl0aNHOUUycpJIxlUkMxQJIZcbI248fgyRdKpI6hIN0jXkiWQ95o3PegFPJA0UCSGXGSNuPH78WJJJRyT1iUbBTZx5iOQGRUIIMeJGTpFMW5HM+olkjCIh5JJjxI1PPgkjkiVXJC0UCSGXGCNufPLJJzlEsoLzNjFvfNYLHIikPaxIWIxGyMXHiBuhRDKxtGn6x2YLEUnmxQkhFxYjbjx5ki2SYSuSFEVCCPEBNSVaS4LK1q6uLqmqhkiaDkQyc5JIlikSQohiLCqS7u5uK5KaQyJZxhZwzBub9cUqknGKhBDiiOTTTz+Vru5XMxJfkWxRJIQQYCyFiGSOIiGEGEs4kUx6ImmlSAi55BiLPH361F0jOdi1GZpawoJrzBub9cWTK9tmgCIhhBQskol5K5IOioSQy42xZIkEPZ0nljclvWZi3tisL/ZE0qgiqadICLm8GIt89tlnR0TSNzoFicjM1ddj3tisL6ZICCEuxpItEpuRpFcpEkJIfhhLSJGs7lAkhBBgLPLs2bPgIklDJJMLFAkhxFgOiaQms9ial0gGKRJCyCsiqbYiiTc2uyLZoUgIIXlhLPL8+TPp6XFEkmhskd7RvERiKBJCCNBWAs+fP1eRVGlG0pJnRrIGkSxSJIQQYEKJZAoiSS9KUxtFQggR8/nnoUSya4Y8kdQFFgn7tRISLaxIPpfugkQS/KxN5oUJIZHAvHgRRiTrjkhC9iPJvDAhJBJYkbw4OrVJ5S2SJedem5paioSQy40rkp5DIknnI5KbByJhRkLIZce8fOmKpKpa4k15imQaIpliRkIIUaxIXjpTm9AiYUZCyGUnpEg2bplhZiSEEAdz//59aWtrzYikJzWZn0iwKovDOcxICLn0mLt370pzc1NwkXQPTTgiYUZCyGWnCCJhRkLIZee1mzdv7jU1eSJpzlMkV4+KpKyMIiHkMrO1tWmOimTCimTbVySvWZHErEhiViQxK5KYFUnMigRf5AfP2RASMba2tkxmamMTjJ5hK5IVH5EQQshhtrePiqTbimSSIiGEBGF7e5siIYQUxs4ORUIIKZCdnR1dbK2kSAghYbEi+ZMVyWtWJK9ZkbxmRfKaFclrViT/643xfRFCCPHj/wH0LUDM49CXNQAAAABJRU5ErkJggg=="/>
  <path class="cls-8" d="M157.2,130.5l-2.7-.2c.1-.9.1-28.1.1-29.6a22,22,0,1,0-44,0v1.8h0v5.8h0v22.1h-2.7V107.6c0-2-.1-6.9-.1-7a24.75,24.75,0,0,1,49.5.1C157.3,100.8,157.3,129.6,157.2,130.5Z"/>
  <image class="cls-7" width="258" height="263" transform="translate(102.03 70.28) scale(0.24 0.24)" xlink:href="data:image/png;base64,iVBORw0KGgoAAAANSUhEUgAAAQYAAAEKCAYAAADw9/tHAAAACXBIWXMAAC7AAAAuwAGdJvZ1AAAgAElEQVR4Xu2d90ITXdf230N4D+U5hBzS+++X5+7VftsARRQU6UgRRUEURZTeexNpioDKzQnMt6+195rZCUlmJpmEtv64pDhACNm/WX39j+M4/yMSiUS2fC8QiURnT74XiI6vDg4O/lHqPkL9x+8xik6mfC8QHb0O0gPgu5JzhBo7EGCcSvleICqsDlJD4KgBEFYCjBMu3wtE+dPB6YBAGCUDQ0BxTOV7gSg6HRwGQaQQ+Pfff0n7+/vO9+/fnW/fvtH7+/vmc/T5fecb/Z/+f7rO1jdb3+hr+fvia/HW73GEkIDimMr3AlFuOkiEQSQgwAFl8WHe3d1z9va+knb39pyd3V3ny84OvU/axef053d28H9KX3b0W0u4ZtcIX49r8T2/fv2q3t9Tb7+54MDPZwhFBAwBxTGR7wWi8DqICAb7+wwA7w6+qw4pH2B9+HedT9tfnM1Pn53NrU/Olnq7Re9/djbUx5vmY/qcuWbDaHVtw1nb2HI/ZvHX0Meb6nt+3nY+KeF7fv78xUDFQMRAaE+BI8HaiAYWNigEEgWU7wWiYDrIEQbkAsBc32crQEPAu8PvKABs06FNPsgf1zedD2vrzvLqGr2FVj7qj/H2w0f98crHNfrc4sqqs7j8wZlfWtHvf/hIn0+U9z3o/VXz/cznPaAYAKm325YFAmgcgoVRlsAQSBRQvheIMssCQigY7Cf4+98sU3+PDtZnZQXgTr1l3eVxh/9gHfAVpSV1qHG4F9RBn1tccWYXlp3p+SVncnbBGZ+eo/dnlKbnFp2puQX6/MT0vDM+NeeMTc0azdHHh6S+Hl87u7hM39vW/NIHZ/mDBxI8lo8bm8765icXGIAFHj+AAbjR76je2u5IlpYFQ0IAkSf5XiA6rIMsrAOAgA8C3uJuygcFZjqb8DhQa+qAra4rCCgQ8F17yRx+HMjJOX3op+iwLzqTM/PqsJuDPjnrjE7OOCMTM07f8LgzND7lDI9PO0NjU87g6KQzMDJBn38/NOa8Gxx1NTA6QdeQxqFp+jp8r1H6nrMeTCaNDEBmFIzmlPUxrx4fQLViQAGI4fdY39xy3ZyNJMsCzwHAyM9LSEgIIPIk3wtEng6ysA7INTAWAR8GHAyyCD5tG0vAM/uXP2orYGF5lSCAO7Z7p1cAGFd3+1F1OHG4B8cmSXzYccBx4EmDY87bgRGnd2DU6VWf71Xv9/QPO2/6hpzX76FBp/vdAL3F594ODOvrLL2z4EEgMR/3q58HyOBnAyKAByAxpuCEx0hSjxeWBmAGi0b/ftq6ADAAC/zusIoYFLCW2JrA8/ZvgOdXAJEf+V4gCg8Etg60VaDjAwwBBPPW1jfJLYC/vrTyUbsBS9oN0CDQVgCsAhy6QXUXx+HvHxl37/Y49G/tw/5u0Onq6XNevh3QUu+/ePOePtfV0++8MB93Kj192eO0vXjtPO7sdp6/6qXPsV6kU89751XvgPNKwQQ/Dz8XsHEhwpYHoKEe7/DENAFsfGbOghqsiyX6XZdMXAPxkDXjgsCqADA1JLTLwZkPv+c8CRACiRzle8FZVhggULwAaUOTLqRswecvbrAQIKDA37LnEnAsgN0AfRfW5jxM+34DARxAfafHXV4B4G2/e8ifd/c67V36oLc+f+W0db5W779xHnd0Oy3q48f4WOlxx2v6XOvzbqf52Uunqb3LaXra5bSo9/F1LUat6po28zX293xivmdrxyt6i5/LIHnZ20+PC3rTN6wtFQUJQAygGDKWBcHCuCGAHyCIAOiCcUHw/CCQynGKT589SJA1oSyvEK6GWBE5yPeCs6aDkPGDfZNFYFdh06QF4UvrbMEGRfXhGiA2MDY967kEkxoG/RmsgJcKArjr050eAFCHtNUcehxSvG1uf+nUtT53qpqe0tuGtg6nlj5up7f4HN7WtjxzalranermdroWwvs1StVNkP4Y7+Nrapqf6e/3pJO+lr+moa2T4NLyXKvVPJZWFxiwTvoMKNi6YKtCuySABkDBAdCp2UWymDhOAXcDz9+GiU2wJUGuhnq+s7AiBBAh5HvBWdFBCOsA4tjBnkkp6jy/tgw4YIg74QxZBYuUCUBA8L06EPDR+5RbgAPSo+6w8Pm7jSvQZUz+DnXAYOY/sWDQBAA87lCH+5k53PqQQ5WNT5zyulbnfv1j535Dm1Oh3t6rbXEq1Ocg/B8+Lqtucu5UPSKVPmykj+8q4f/KlfgtfY16i+/3QH2/8tpW9/2HjzRAAAtA5DAwtJUBl+XZq7dO5+t3BAr8XnBH8LsSLEzson9EBz45VgFrApkPPH+cIuX0aLKrESKrIYAIId8LzoIMFHyBwNYBXAZOK3Ls4OO6BgIsA/jQBISZhZRWAcztbuUW4JDgsLSbw0+mP5nr3WTiP1KmPg5bvQUDAACHng/6vZoWdbCbnbKqJue2Oui3Kxudkvv1zs17tc7VO1XOzfJap6iijt7eUJ+7frfauVpW5fxz56FzpfShc019jM/xdcWQ+voS1oMG9XU19DUlD+oJJoCKBoiGBx4DoAFgABCwTuqV1dL45AXBDO4LXBnt0nQrWHhuCJ4DuEh4XjiwCY0oSCA+AUjoIOaqiUlsuIFLDlpyLEIAEZ18LzjNOghoJeAFByAgmGhXGuLFyYVFeOFOzy+SmwDTeESZyQACTGaKEVhWAfz19pdvdRBQHRbcZdkVwMFnKwAHrZLu/ol3ewDgOg6rOvg4tHgfB/wfddDPF5U7l0ruO5duPXD+un7XuVBcQR/j7Tn1f3/fvOf8qT7/x7Uy57d/7ji/X9XCx3/aUtdcVF935XYlfS+8f1m9f6W0kn4WQHJNwQKPASC5bawPAoaxUvC7VFmwgGsCyLFVQe7Qcw3Cju53BAlAs6dfxygACI5LIHBJroYJXCIdylYEAMFpTw5WBoCEACKDfC84jQoKBDe7sOcVHSUEEldW6YU6ZYqJYAr3D0/QnQ8ugp0tgEnNATwE/sgaUHdUdg3YFbhb06xlIIA7dPF9fce/flcBoKzauaYO42V1WHGYz90sJxjgwP9xvcz59cpt5/d/Sumw/3L5tjr8paRfr5Q6P1+65fx0scT58WKx88OFYue/54voLT7306US+n9b+Br+elsEEiWABT8bwACUAAnAAuCAdYHHT7BQvw9bFwwL/M743WER4bloNkFQxCjwfHWTJTFElgQsrUF2NahoS7saFItY06lPWG5cro3gL0EiOCAEDknyveC06SCA22BnGMhCMO4C7lCuu7DoAQGxA9zd3puYASwDyhoo3/qZsgy0VfBKuwTNOogHawCxAMCgTLkCriWgDhWsALIEyOx/SAePDv+Ne85fN+6qu3mZ8/s1dfAVBH6+jEOsDjYd9iJ92I3+m0rnbjrxJKW8Lu3Xa5gALvgYj4FBgccHq4StC7gf1+9p6wIuyq3KBvodAT5YFA8a4H54VgWsJgRSYUkg0Nqhnr9O426Qq6Ge3wFlhY1QLGLWjUUwID4qYOtg5XaCFRGgcEqshyT5XnBadBDASvhuLAS8oFB4k5hq1ECgkmP1gkTFH+5i701hEawDdhXwooaJDB8bd0S2CnAIKkxsgEHgWQPV5PfD/Mfhgv5SBw1m/e/qzgwAuHf788VJB/bwYc+3+GfyYwCIYHXAYoFVAWsGEMPvATfmorJw2LIA9BDPQDyk1IDiHlkTbS4k8Ny1mMwHrC2uowB4OWiJykwAAinfOVNMBRdjleIQn7w4xBeOQwQChMDBOSNgOPCxErh1mDIMJuWIIJcuSdbZBcBgwkox9ln1BagrwJ3tSdcb8peblatA7oECAUxnBObKTYwAB4LjAfDXcXc9X1RBd1tAAAfrF0BAHbIfLxQn3vkDHNijFB6fCwpjVcCa+VEB7RcDDMACvy/iFngO7DjFnaomCmTCiuJAJmItcDXwvCIuAyuMYhHKzeilgKVnRXCwEsFf7t+AhYeiMgACf9+AcDjz1oPvBSdZB4GthG/kl342BUkAAmCAUmQIAUWKH4xM0AvRtQ7e6voCxA5g/ursgQ4c3jfpQsQKcFfUwbpqumvicMAK0H668f0vaL+fQeB3CE+KGGYMjB8NMPB7wyWCVaTjFA/IYtLZjwY3kHlfuRsABEALQNhuBsUi1N/hbT/iEONuNgN/LxSPwc1AHAhwWFduIDdzBUxznmlA+F5wEhUcCFyYtENxBCpIohjCB3pxIXaAir3+0QnybxkIiB/AvCWXoUMDwU0lWq4CYHD1jrYMYE5TgBBWweXb5A78cEIsgXyIrQqIg6QAJp4nWBKABOISHJPgdCieZ66X4GDlCxcQw25dxLD626EkG39HuH+IQyBGtJmU5pTgZGr5XnDSdBAouOgBYcuKI+DuMjXnBRQRP6ACpHdDFCV/YfoM0GOAFyYBQVkIcBlQW8C1BPCh8cLmzIFODWrL4EeTDfA7OGdJbE0ggApXCs8XXCtyN9TzWFRR69yubNBBy3qTBjXVmaiTQNk3IN3p1kUMuXURAPvYtO4ApTTnR53m5HbwgDUQZ8568L3gpOgggJWwbwcXkzobYSUgiEUZBlOMBD+Wsws6oPiK7lY1pjyYqwvd2IFyFVA0pC0DXR9AcYILRafORciXtCWhrQkOYlI9hXpeYYEhs4FYRLkJVsKCACA4DoE4D9dEcOEUAI+/q209oB1808DBroEIAIgzAQffC06CDnysBB5kyulHvCDspibkxSdn56ksFwVJ2mUYIBOV4weNT19QkQ7MWS440jUG9fSChbuAuxzSiLjrceDQ7yCI0osh8atJiaJmgzIbyooouV/vVmDi78FFVI9MYxhSxHAzKJOhXAzEhsh6UO4FOjwXlHWo2791Lwa3fX/zb9Q6E3DwveC4yw8Kuibhm9vPACvBrkWAlYBMA7oAeyntOExBrXa4DOoOxBWJDIQ71dpdoPhBWRVVBp5XfjECiT9bmQS/F70ouNjVQLbmN/U8IxYBNwMZDZR53zJuRjlXW5p0J1LG6DdBIxpnMThAqVOcK27DFjdrYUDuV//iqFPvWvhecJyVCQqcgqRYgvpjb376ROYjBqFwyzNiCQMjkybTMEwvIPipaFtGDEFbCLoiUdcdNDg3ynX8APl5rjFAavGYBBH/TymWR435/Py8igGBmg6OQ8DNwN8DcR1kMzhYqUvLn1GVKbeJu9bDkG4Jd2sgTHrTLrHeCRacPLXWg+8Fx1WZoMBuw46ZiUBWwprONiAIBSAMGrcBPigammy3oc5UKCISXmYsBNyd4C6cLy6nNBvKhX84ukBiOgD8r9/zlovU9/9Pmp9bUGh4dRIlrgWB2ghYb4jzoBybMhkNbWQ9UH9G+0uKE6HL87Xp7uTWb+rDWFx2ezDWk4KTZxEOvhccNx34BBlhAnpWghdLmDfBRaSwYE7CrERw6qW6i6BwBmanLlludysUYSVwRSICivBzKX5wsaBASAWBvAIgG8VTQyPvsODaCK645HRnkUl13iProY3awx89Ne6FsR6QvXhnBspQoxaCky4gdKu3l7nIWPdw6uDge8FxUiYrAdo3UKDJSabzkWoSZnXH48DYpKlHGE6oR0DZbW2rLlmGlYA2Zl2DUEW+LDoN8cIrkIWQDIJjB4Ggih+GRd5A4cUhbruZDKqFuF/vpjnx9601KU64i52v31OQucfUP9jBSSqMsuAAC9Sn5+JUwcH3guOiTFDYd6sXv1KPA7rtGAqYmoRgE8pmEVxkIOCuAd8Td5EaqlT0Mg1oY0Yl3t9oWFIvMvQo5BkINgxOLAj8FE8ERV4goeshSsjV++NqGYEdAcrSh4+o3BqDZuAmIsvEE6e4DwNTpuzqSbsw6vN2oLjDqQlK+l5wHBQECjtkKWy7roOuXlwwVYuj1OOPP75dwlzH6UflNpRyYVKpCSwqKwFBxR/yF1Q8EzBIp3geIeEWTF26RS3oF4rv09+12KQ4EUx2uzlRQdmhsxccnHStB6swioqizETrsxB38L3gKHXgE0/AwtU9N8ioS5phAmJ6Eog/aKwE+JIILrZ1ej0N8DkrrOAiYgmoVEQgC3ebHy+U+L4As9CZhkE6xfMECYo/mGpKdK3qFGc1pTdhHcJ6oBF1LiBeufEHBKW1a+HBAa+vzeAVkycaDr4XHJUyWQkQZR6UlbBtCpbwR8NSlilTl+AFGIeoLgEFL3pmorYSyo3bwFbCBapFKKOyZcQS/F50ISQwCKG4B4lIAMEdn/i78pQqVFFedwHR7DxobKNqVqp9sFKbgAN3buJmQxWTa17FJCZ6ndagpO8FRyF/KHynfQ08QAXxBN3nsOhOUaI0pIknwFLgQiV066FICS8KFCidL9LpR0S0qY8hwIstoBgIAoMsFI/YiuDsBQHi6h2dvbjz0Gv3NtOl7MIogkO/VxSF1xeyW1wxSfUOVC15+uDge0GhlQkK3OuAP4a2EkzBEqciEWRUf0T4iShWwtBRWArobyArAbEE5WNyTQJSkNptiDTbIECIWPEIrQgus6ZuTuVe8PAYDMzhwqj6x7p7Exkrjjvw/ElkuDDOD81YtHrPlFP7lFKfODj4XlBIZYICXAf4dSht5vqEpVVdxYgBKjD5eBw7oPDEVC/WmerFCgsKeEFwt2OEboMAIc+KRwwIKrFWrwNYjXZqE3Coa7WKopQriv4ZLohC/IqrJbHIlzd9+5RSnyg4+F5QSB3oQGNKKOxZDVCoYsTq9tnFFapac+MJxnXQUOiieAICTNz9CNfhHFkJkdYkCBAKrHhEgLBrH86bwigPDm26rftpl655UK8rFMTxvAfUO8xxMZTZxRkg7nBi4OB7QaGUzlrgICO1SSu/Dv4drATMTaCiJQMFjidgVgKyDujXx7BRQEHXJVSajIPufPR70QSQAOGIFY8QEICD7t584LoVuKnUmslRcEl1QdSgm9JEFS1qHXhpLxdDUdzhhMPB94JCKC0U9hkKn3XRkoECxxOo16F/mKrX2pU/iIgy+hy48Qmuww1TrAQocF2C3wvFRwKEY6Z4BIBgOGDUHF4vXBSFlDYKogAHDITBSDm7WpI7NbmUGtkxrBmAhYt0eioL+CTAwfeCfMsPCiAwZR6skWs0nVn9Ubg+ARFku2Cp3BQsoawZ0WfEFBBPyNF1ECAcc8U1IHKEwy3qiUFRFGpbUONSUeeVU7c892odEM9C8dzw+BS9LlFKje3ldo/FSQ1I+l6QT6WDwr4FBT2c1YOCHqTi9TpwFSPy0MhHIy+NeIJujb5ngow5lzT/nwDhZCieo/VgF0XhpoKJ3retgiiUzyOojUlR9s4LBL95WxZXSp5kOPhekC9lggJSP3oe4zbNUMBQFSpvHvHqE9rdRS4vCQoVZosTJvsgFcnxBB1k9H9BZACCWAknUPEcrAfUsvxgOjbxOqKJUaaVm6sl0WPT9uK1O0YOrgUqJVHrgJuY3pD16cTCwfeCfCgdFCCuU0BdOqCAwA7PYnzH7sObPipC4dXs3OuARa4JUDifU5BRrIQTrniO1sMPpmJSV0tWUrwKS3JglcK1QCNWi1XvgJsW0pnYQYLXLVdJBhgZF/P7XQot3wuiViYoIM3DI9i478Eb0Dqhl7uY8mb4e7zvkUubkXnAHxF+Yg71CWIlnDLFc7Ee3HLqO86lW/fNXs4Gt94BxXM8IQoDf3oHR2hDFpdQ64nU29TPc5LSmL4XRKnMUNjXHZLb21Q0svRB9z3wXsgeM4sRMQXd7+BBgSczI2iUY32CWAmnVPEcrAe7WhJzHmhKlFUMhTLqJ1099PrEzat/ZDyhv2JNvZ4JDrsnBw6+F0SlQJbCtrYUkBOeNn0PdokzFS61vyQfjycsoZIRW54x5ivHVKRA4QwonqP1ABcV9Q5cDMXr9JDORJUkXqdvTQm1DQfc7JDGPCk1Dr4XRKWDDFWN2lL44qwBCh/WaJw7TW4enaQmFhsKSEliyhKPXUM8AXsRc7QSxHU4Q8oVDnBVMWMSlbRU62DgAMvB7q9ABo0zFbjZoRbHhUP6xqtjAQffC6JQOmvBjinose669wE98P1mnDueZJBY9z10UFRYQ6GG3AfuivT7g2aAggDhDCqeo2uBYiikM2+U19LrETer2hY9Ni65+QpwQG8FBs3idc4FUMfZcvC9IFelh8K+O3VpQ5F0xVQ1ckMUxmzZUECZM/c98Og19Ncj5+z3hxQoiNIpnqX1oAfQ6ulQCHzjdUkl1K2H4YA05rh6XWOPhbYcPrl9Fcc1U+F7QS7KBAXaCvVl110AkwAFTF2iWgUPCmhqwZPPJc7YKZBDNaNAQeQqGzjoQqgSA4eKhP4K1NVgnaEunx40W7C8MfVwl7npKkONw5FaDb4X5KKDNHEFqlUwnZIf0kABVY2oVYD7UKX8NzzpMNuQkoQLgaUjWUBB4gmilMoWDhg8+6cZG5fcfIXXrweHUXcKNcUcglVHHhkcfC/IVhmtBTNoxYUC9T8kQgENK/XUEPWUylFvGiigbfqXK1lDQYAgSqts4YCbFKaA2RWSVABlRsVxdWSvgcOker2jOhKWQwA4xPwedz7ke0E2SgsFq1vyw9oGTV4CFJDWoarGFFAor2uh3gcNhXJKFwkURPlS1nBAheR1XT5964HurfB2aHqNV4idcQEUVUeub1JGDsHI42Q1+F6QjQ5SuBBeD4SJK6yuuTsfELlFYYgLhbZOch94YCttgrqhMxBZVDQKFEShlBMcrpVRjYOGQzO9jgEHatlWlgNK+mE5oHTaro48bi6F7wVhldZaMAFH3v0AUwrBmL4RvXYe7dN48lAoQqPd6zQUUMAEKPBsRr8/kEBBFIWygcMPpgCKB81ydSTcikdPdF8Fj4mD64zXP1zp1bV1sqKRpcM5SQGGgsPB94IwSgcFaqNmKFg9EPZ2KBQwIc2DoRjcFEVQMANbxVIQFVpZwcGUTl84NCpO91WgK9jeW4FuTKw90Nuuvvh1Ysb8HnNU8r0gjA7SuBBfv303LsRnSk1yZeP74XF37wOCNNQ+Xe+VOmMjlHYfJKYgOhplAwcqnTZw0E1X9XSzQyl/U3sX1Tika7g6Li6F7wVBlc5asMe9w1rQS2ZhLegeCLsxClTFjH88mUj/oClK3AfRUStrOBi34mZFrVNm0piwGvB6R5k/N1whAK9H0q/TxOnj0Inpe0EQpYPCvvrF9hT9EHXVm6I+kuk0QKlJPXCFKhsVRbkxCrP2qH36elZVjQIFUV6UDRxQ44DqXLvGATc/DHlxZziYysjJ2XlysbnZymfadMzv8eYq3wuC6CCFC/EvQeGrMo04C7FuOiZnvYErPX2miOm53hClXIirbrAxq7RkzO+xikTZKiwcOFMBl/jqnYc05AXDZblsmoqfMJLe7KuAS7FM/RR6ic1RuhS+F/gpnbWABhHaA7FlZjaiOWp6jgKO3EbdrqyFejPVuay6mcqdz5m5CmItiI6jsoEDN1yhHocqIxu1S4F9FV3qHHAnJu2qMFuucDPVG66OxqXwvSCT0kGBG6TcZbMfPhINMd05sWPyFe1/QE87FzHB9Pop/PBWgYKoYAoLB7gUGA/AOytQ/MQj6dml4JLpCVMVaY+hPwqXwveCTDpI40KgkAm/FLrI4EIACqAhuxCd1Afxyu2YxP6H62QtlGfTGCVQEBVcYeDgzXAop+lPGEl/P1WzldlTYc9v8OnCzJvV4HtBOmW0Fnb2vF0QyoUYn5ojUwnj2biQibZFUXNUi1NUXkdPGtUrCBREJ0Tqtdcd4DVqwUG7FBgwxG3aXBWJ7Jy74WrSa7QK0IUZ83uc2cj3gnRKZS0kNEiZuILbIDUwokwm00qN8WxwIWp1HwQm8PK8Rr8nWKAgOi6Kh7AaILy+4SpfUS6z3U+haxt6TZZihBbYoAAQaxM+ml6KDMHIvFgNvhekUjpr4ZtbyKR7IZCadBukXBei290DwX0QiNr+Er6NOub3OEWifCssHJL7KTD5qdossXEbrbiXYsGbF+nTaBXze5xh5XtBKqW0FpI6JxFAQRaiz1Q3ugtn2zopC+FWN968l011o1gLomOjMHDQ/RS6KhIpTJyDSpOloC5MZTm8UecF54aGySo4wPpGO0EhOzB9L0ilVGBIthbQOcmbo7p6+smPgslELoTbSp1VdaNAQXTsFA8Rb4BLwaPoi+8nzm/gXgrEG+CCo/YnYLl0zO8xhpHvBclK5UZwk9SW2zm5Sp1j7uJZZS3QfsnmRBcCJlUWWYhInwCRKArFQ1gNEFxnncKsJDjgXNSY1XdIYb5+P0htA1ihgNqG1QJbDb4XJCudtbDjNknpnRAwgwAGHv1e18q9EI+8rsnLtyXgKDo1CgMHzlKcLy6n3qA7JktR/7hT76fo7Sdrm6yG4E1WMb/HGFS+F9jKZC3otXJ61yQyEf2j1vCVjm4KsKCQ6TZtjpIshOh0Kh7CpbAbrVD4ZHdgdrx+b5qsJmihs52hKITV4HuBrVTWAu2GSG6pNsVM3WbSc32bKXuuatL7ILAk5nLoXoiY3+MTiY5a8RBWA4SqSBT22SPoE+Y29I/QhGluzUYMT3df7is4HAJDZFaD7wWslNZCUvfk4spHyr8Ooh/CFDPpBbTPnPv12lq4eqdK74MQa0F0ShUGDugJQpZCByK11QC3G+cG1jashj5qzZ5LLJXOc4OV7wWstNbC7p5nLZjuyfeutfDWaXjSSUNdeSfEuaLQA10FCqITp3hAl4JH0MNquG6sBqQved1d97sBOk+pui8zbLKK+T0+P/leAKWyFvCAEAT5/GWHgiLwgezuyRdmKlOt2TVJmYjShzRJF0/EfwM8aUY5/5IiUaEVD2M1KOuZd1OUPGig1uyalucUm0NRIKxvnhGZ3GB11GBIay1QW7WJLXhVjnoAC9ctIE+LvRBYBPpbuH4IsRZEJ1ZB4cC7KdAvVFRRS+cFpdLovuRYg+6hmKFNVrwDU7dl56dM2veCdNYCHhBSJ2ubW/3FIVMAABqxSURBVG7dwtDYFKVYeAALqhzRe26PgP+ZWqp9gcCK+T0+keg4Kx7QpaCNVtfuUgzudqUulUbdT4vpvkSsQe/ATI415Mdq8L0gtbWgOyg3zYZqtha4oAmUw4QaTlEiqAIakrUQvPRZrAXRiVc8jNVw6ZYZ6FJrqiGfusNjX/X208wGxBoCdl7mZDX4XpAMhuQOynneD4G2aiu2gEapBzyuTVEwi7qFmN9jE4lOguIhrIY/1DlBnQ83WKEakvZRvOmj1CWGHWG2Sb5jDRn/M5UbkdwTgdXeNIQFeyffDzrtim7oFIOPhLZqjM6+UFRBVY6SiRCdRcUDWg3cYIUgJI+BQ4YCZdJ25yVcCu685GrINItqYn6PLZ0y/mcqN8IGA1c5wlrQzVLWfgjTE4Hhrn+Eb5TK+hcSiY6j4gGtBrgTqPNBDwVuqrAaUPCEWAPXNSBDYY+A+5R+UU3W7kTG/0wGgy5/3nObpeaXVxJGtultUl1kLdyr9ZbRopNMrAXRWVY8hNWABit7eGzloydUD9RumqvYaoC1HmApbszvsaVS2v9I5UboIa+77gp7exALpt1S3YLZJlVqqhz/DF/lmNUvIhIdd8VDWA1/XU/svESGj5qrzKIau7mKltSk33sZ83tcqZT2P9K5ETvGjcADgjlDG6VMs1QrN0spawFVXPCVxFoQibSCgoEzFMjkof6n3Gqu6nztuRPu+DdaUhNtdiLtf6RyI5Az5S5KWjWHLsrhcecNCpp4lqP6BVDWidgCqPfjxRLfJ8JSzO8Bi0QnVfGA7gSUqbkK7gS6LmGtzy0uk1sftTuR8pOp3AiOL2y6XZRLbhclzJs22j/ZQWOxS81GKbgRUrcgEnmKB7QaAAYUBF5WVjeNm69/TO4E773UqctJqiFCLZG38zJl12XM73ElK+UnBQwiUX500sFwKL6geyO8+MLk3CIVW/DGaoABDVNoAMF2X94qFaKoKfSDF4lOmuIB3Ql3whP1T+h2bJwvNFbhvCWkLc0yXNQzRNU7kfKTyWBwOymVH7O2selOgNaBx2GabNvy7BU1TGEHJRZqnCu6R8UaAQOPYi2IzoziIawGasc2C2qqaSZklzsTkvdd5qN34tAnUrkRdiflSlInJe+hxGYpzHQsffiIGqYw6JIapgI8AXGxFkRnSPGAVgM1Vl2/S2Pm4Z5zABIT1+FOoNp41AQg7Y5LuP35AMMhN8KudoQbMW6sBbeTEmnKJm6Yqic3QvdGBLIWBAyiM6d4AKsBbjjOEaY7oQqSZ0Ki5eCFWWmnOy7nqQqZy6OjcCcOfSKVG4EftPVpWzdNYZ29Ve3InZSodtRzF+r0lKbgvRHiRojOnIKAAUI9wzlrTgN3XHZ0v6Pzp6c7zdC5jNKdSPggtRuxb8a36aYpykbAjVBmDMa3waypYzciu07KwA9WJDotiodwJ6jjUlnhcNMrrcU0NGLe7LqcNU1V3IqdqzuR8EEmN2J1fcOtdsSw117TNIXmDnYjqDcifLVj4AcrEp0mxQNYDT+YEfOuO1H/mKxzcicw9g3uxNgUzVuFO+HTVBXze0yshA9SgQFmCZqm0Buh3QhsmNL7KJ9ZLdZomrrKi2SCD3sVN0J0ZhUEDBDSlhcUGNidQBCy8Uknbci291yyO5GhCjJwnCHhg2Qw7O9bQ1kABpq9oMAwqKdAt3W+SWiaulL6MOwuypjfAxSJTqviIdyJ39S5umQVO+ny6B6a7OTuuVRuPs7pp8+5l0e77xykq3bk8fAmvoCiJnIjTDclZi9gSe0N0zT1+z93gloLAgbRmVc8gNVAI+YvlVAQEuesvLaVygNgrXdaMxp4Ae4GVUHu5VQF6b6Tyo3wtkx51Y4DtHpumB4QLaolMLQ61+9VUwnnr8GnQIsbITrzCgIGyG2qKq8ht7225TkFIZGdSDW8hWZBpk5bxvweE+S+kwoMX3kSNO2N0NWOvEwGo6Z0fEF3U6I6C2D4iaZABwJDoAcoEp1mxUO4E1wFSQtwGxO7LfV4+VmawarTlmjDzj7O4L6TDAZOU/LeCIovTM66aUoEHvHA7GpH7KSU+IJIFE7xAFYDj5fH0iacN26qekpxhgFy7+0J0hiPkEucwX0nNRi8oa8YCtE/PGFmO/YnbLDWI9we6PqFYNaCgEEkMgoCBpwrlAFcpm1VugoS1nqzmSCNniVKW84vJVRBZlvPQP8cZBjj5oLBDH1FeoTjC3hgnKb883pZmA3WEl8QiYyCgAHCLMiLxRVOsZkFed/0TuimKh1nmEqqZ8B+y1zAcCi+wGPcQB6eBj0wMkFgcBfKNHnTmkJusPZ9YCLRWVE8RJwBbdjX1HlDlbHtTiDOoMe9JU2P/vY9q8wE/ZMODNu03n5DFzZNz9I4KZAJD4T7I7BQBg8U3ZRSBi0SZad4AKsBYPjrxj3dbfnwMBhg0dsBSA2G7Bqq6J9UYMA3RGET2qzdpTLuevseWoKBhg7eYv2XBB5FoqwVBAw/mm5LxPOwqcqdHu0GIEed4XEdgOQ5kGkyE75WA/2TDIbv+5yRONw4hQeAximdkWijSiys1AoReJT4gkiUpCBgwBgD7puwx8qj0PAFTXUapj4mzEuhhqqNLSpQzA8YPpqMxMiEt23qubdtCnnViyV6vX3AwGPGByQSnUUFAQO2xGP4kT3urUpZ7eib4LHycCem1HnlAOSXLxjckgUYDlJlJPa51fqzl6ocSRzMwqXQ18qqaUx8iIxExgckEp1FBQEDxENisW+CMhMmztDxWldAojLZzkzQ4Jbv30NXQKYOPCaXQiswUEYiqRQaDwy121TxeFHGuIlE2SoeIjNx7uY9ZanXUOD/IdbXtemlt6lKozMsoollejzpMxJpSqHtiU1IVRIYbgoYRKJcFQ9gNXAFpD24BQNiAQae6DQyMe3ML614E51SV0DGMj2WlGDYVd9oi1utl7w19zyxCZ1dIBVyqSiFlvmOIlHuCgoGdDAjAHm7stG53/DY7Zl4abVgz8wv6cxE+hbsWKbHknIGw449g8GA4b1ZLPPYWnN/26QqAYaA8QUBg0iURkHAwHst0YJdbAKQ9W0ddMO2902gBXtldT1Tz0TGWobUOyqNxbC6tk7kQaoS0U6AAZtw6lo76AEhMnrltqQqRaIoFAQMEHda8sJbBB/bDBhQyzA4PkXndnl1jaavZdNMlXIqNL4R75CYWcAqOuyQGNVgMDskEA3VzVOVzm/Bh7OkfSAi0VlXUDAgA6hrGbTFAAueR8ojczg0Pk1g4OGw2dQypOiq/J4wFXpidp5Mk15KVSauugexQq66T/tARKKzrqBg+PnyLedCcQXdmMupy/IpDW3R05yGacoaXImFZZ2y3IkCDEhV8nIZgGF8Zt55r9yIt/3DuoaBpkLr4a/XaBVdeZjhr2kfiEh01hUPkLL8f38bV6LIcyVQgYw4A9cycIwBtQyrUYHBHdBCfRJr1K3VZ8AAH4aCj826uAlVj1ihBTAEjDGkfSAikSiY1ZAcY0D1IzITXP1ogwGuBMYn7OcKBs5KbJkGqqmkcui2jtdmq3Ur1TBI1aNIFJ3CggGWe41y7cmVSAGGDQUGvc8yEjDsuuXQUzQAdlKXQ5uqR4ABpLpZXkNVWAIGkSgahQUDqo95khNcCR7Y4k6M3sSi2/Bl0SmDj3aMAT8AwYye/hG3HJo2T5ngIxo6MFlGwCAS5a4wYECfEgbDPjSbqbj6kcuil4wrkc3E6MPBR3uztQk+ksVggYEX2GJyk7YYBAwiURQKAwYUF6JfAgOZqSz6Va87yQlFichKoK3hc/q5DLF0j8MXDNwngVLLTmWqtDzzwMDl0KjEEjCIRLkrEBhM5aPul2j0Vta99GY/jk6ZSU4b2fVLpAXDKo90M30SIBF+MO+qBKkwoAU1DDLSTSSKRoHAYCwGWllXySvrOmiyGlsMIxMzNHmNRrxl0S+RFgwf1jacuaQGKvzgZtNZWWomN4UobhIwiEQ+CgqGP6+VUZETgyF59uPQ+BSd31UCQ9qy6Fi6xxEQDN6sR7YYaMkMNVAJGESiqBQUDH9cu5MWDJidguUzc0tsMUQIBkQz4aPY260ZDNXN2pVwW64FDCJRJAoKBkyLvoDWa2W587AWFwyjk3kAg5WuTB7SgrX3Te1d1CshYBCJoldQMGA4Es9kwLT2hic2GPJhMWQEw2un6WkX1TEADJhvD5NGhrSIRNEoGzBUmgW36cCw9Wmbhi9FBobF5VVnPBUYmhkMVQIGkShCZQMGTHHKFGNAe0MewDDv9A2NO68ZDO3JYCgTMIhEESkrMPgEHyMBw/dUYBjWYEDbNRZo8oRoBoNsoBKJolFgMNxIDwY0PcLS50nRm1GAwa58xGgo/AD8oB4zjwGz5dwt13f0zkopiRaJolFwMNyl80fLbRvaDoFhkkbI60EtmMa2uxshGFYsMOjuyj63V4LBQCXRAgaRKBKFAQMGJcGlR0l0gy8YUg5riaV7HAHAMO+8HzITnN7oCU4uGMqqqMBJeiVEomgUFAx/2WBoPAyGCQsMG/kAwwTAMKibqBgMKHDywCBNVCJRVAoMhut3ddu16a60wdCXAgx7OXdXmuAjb7rGD+DuSg0GbxisgEEkilZhwHDVgAGVj4/au2jpjAcGHXxc29CuBNbUJUEhBzB8TAJDTyIYrpXpOgaJMYhE0SgoGJCuZIsBg1qaksEwzWDYosrHb9/yDIbHHYfBIFkJkSgaBQWDO8FJgaEqGQzD4266kge1IEQQORj6hrzx8XpFXTtNiUbwQ8AgEkWnbMCArAQmOKUCw8eowEALZwgMn5PAMJIGDGUCBpEoImUDBhQ4YUo0D2pJBMNmhGDYZTCsOxOzC2avxIjZK/GaKh+9vRJlMiVaJIpIYcCA4GOpAQParhPBMOuCAcNgaUp0bmCwF86sO5MMBt4r0fnaqSUwtAoYRKKIFQ4MVRYYOqldgcGgh8HqkuhIwbBlgaE/GQytDIYaAYNIFKGyBQNKovWU6CFKFhwCwzfslYgADLxwxgYDFs48TgKDbKISiaJT9mDoMBZDQcEwkbCJqsa4EjcAhhsCBpEoKmUPhs6UYPigrP7P21GAYT8FGEYSwcAxBtpdKWAQiSJTKDCgu/KhHWPwXInRSb1XYoXA8IUKnHIqiU4Gw9RcCjCY3ZUCBpEoWoUDw0MXDLRwxoDhHYFhJv9gGMgAhr8FDCJRZAoDBgxjvlPV5NYxuGAYHI0eDPuhwFBLNdsCBpEoGoUGQ/Ujmvn46OkL57lJVyaCYS1KMHht11Nzi3qpbSowlAsYRKIoFQoMpTYYuhLAMGKB4ROW2hYCDHUKDBUKDDcVGM4JGESiyBQaDFaBU7sNhokZ2j2LM4zdlZGDYVqBYTAJDNgrge5KBsOvAgaRKBKFAQN2x96x0pXcRNVLYJguPBh4tBuBoajc+fWKgEEkikJhwVDqA4ZlBsPXnMHwrwk+ChhEokIrFBhuHyUY5hUYxqZSgqGootY5L2AQiSJTNmDABKcGarv2wICFMwg+RgYGe+GMBsOSM6TA0CtgEInyrjBguGzAUK3OY2MyGManqSQadQyRgCF5SnRmMNQ554sFDCJRVMoGDFUGDE8ZDAMAw5SzsGTAsL2twJDrlOiQYLhQXCFgEIkiUhAwYPgyYnsEhoeNFhh6ksCwYrISeQDDTAYwFLtgKBUwiEQRKCgYzltgwPj4BhcMQ3RWhxQY5g0YthQYct8rkQyGhSWij4BBJMq/woLhtgUGijH06e5KxBgAhuX8gmHa6R1MA4YSAYNIFJXCgeFBAhieKTC8eZ8IBgxqQUl0HsCwbMAweggMmFKrsxICBpEoCgUFA8UYbikwVDa6K+rQXemBQbsSvFcicjBgfDzFGFKAAYMiBAwiUXQKBIZLGgyXksDAU6IBBsQY5mww7EUMBsynzwwGcSVEoqgUDAwlCWB4kLTUtnBgGM8ABgk+ikSRKSgYzieAoe0wGNTNfG5RgWH9iMCArMRvAgaRKBIFAcNPxmJA2zVGu6UEg7EYPgoYRKKTr0BgSBoGi92VNhgwoxW9EgQGs6Ku4GD4+8Y9qXwUiSJSdmB4nACGgdEkMHzOExj607Rd44HJlGiRKDqFBQMNajEzH7mJCjNax2cSl9rmBwxJw2AFDCJRfhQaDNVNGgztXe5oN4xinJyddxZWVgUMItFpUDgwPHQHtWAYLFsMg2OTtChqYfkIwYC9EjLzUSSKRqHB8PCwKwEwTAgYRKLTo2zAgKwEjY/v1gtnNBjmnUXlSqytHyUYJCshEkWibMBQ+eiJXjjT/c4Dw4wGg9tElV8w9AkYRKI8KgwYrt+roawEZj420iaqXgGDSHQaFQYMN8prKCuBPS+PksGgzu2RguH3q3eoDVTAIBLlrmzAwJWPzyww4NwuWGDAuU6CQu5gQO312/5hAkOrDYYygKGU2kAFDCJR7goFBnIlmty9Es9epgcDpr9HCoaJ6Xnn/eCY02ODodkGwx0Bg0gUkbIFQ0MSGMamZnW6spBgqBYwiER5UbZgaHwCV8KrY9Bg+BA9GDZ9wFAuYBCJIle2YEAdgw2GUQGDSHR6lC0YmtpfmuCjBwbsrowODN8tMHzUMx8RfPTA0K3A0C5gEInyoGzB0NCmS6LfmBhDYcHQkwiGawDDNUlXikRRKVsw8LbrN30GDJOFBkNHIhj+EDCIRJEpFzBgUIsHhhl3r8SXLzvO/v5+fsHwOAUYfhEwiESRKBwYqvWgFsti4HTliA0GdZ6/5wsMb5PBUKfAcFfAIBJFqVBguJsIBp2VMGCYKAAY+pLAUNPCYKgWMIhEESoMGK4ngcFuu0Ydw7xJVxIYvucFDOMZwFAmYBCJIlJYMNytaaZeCc+VGHQGR3VJNIKPq/kHw4iAQSTKs8KC4V5NiwsGnhLNvRKwGCIDA9IaOwSGzwYMCwHAIG3XIlEUCgMGdFeiNSEdGBZcV2In93RlIhjWNRiGk8HwjMAAYv15XcAgEkWlMGC4WV5bYDDsWmCYNWAYGHG6CAyvDRhaBQwiUcSKCgw0Jdq0XQMMOdcxMBi2PqUGQ1uHgEEkypfCg6E5JRim5hZogtP65pbzRZ3n/cPTm8KCYV+BYc8Fw2QyGDpfO7UCBpEoL4oaDBifsJMvMPQng6FVwCAS5UMnFAz9SWCoETCIRBEqMjDM5gkMGwg+rq4lgAF7JR4fAoOsqBOJolI2YECLQuOTF+nBsKPAsF9gMPwlYBCJIlM2YEDMD2CgkmjTXVkgMCRuouKsxA2AQZbaikSRKTQYajwwdLx+57Zdc7pSwCASnQJFDobNqMCwnwIMI2nAcE/AIBJFqVzA8LygYJg7DIbalucCBpEoD8oGDDUpwDA1t6hjDPkCw1QqMLQKGESifCgnMHR7YJh2wbBF3ZV5AcOAgEEkKoiyA0P78QPD3wIGkSgyZQWG5nY3XXlMwFCrwHBPwCASRaRjCwa0Z+6GAcNNAYNIFJXCguGugEEkOv2KEgxLH9aowCkyMKDpgrddazBMpgZDuYBBJIpS2YChOg0YllfzCoZFZ2A0EQx1CgwVAgaRKHIJGEQi0SGFBQM2wlU3P3Nanr2i81kwMOAHDKYBAx7YOQGDSBSZQoNBnUMUOGGnLAYpHSkYqpv07koGw68CBpEoEuUHDBEMgw0ChqqmpzSdVsAgEkWrrMDQ3O60Pk8Bhg9HCYaicufXKwIGkSgKHWMw/GsqHwUMIlGhlS0YWhQYXggYRKLTqWzAUE1geJUaDJtHAYYKAYNIFKWCgAHn7XxRRWAw4Dz/m+uU6DBgKFJgOC9gEIkiUxAw/PZPqXO+ODgYdvMChnkFhrEpp1fAIBLlXcHAcLvwYMDuShREeGBYcoYEDCJRQRQlGNBEtR4VGL59EzCIREelQGBIjjE0tTvNz9KBYesowFCnyCVgEImiUhAwHAo+qvN4DMFQIWAQiSJSNmCoEjCIRKdb2YPhpTqfxwgMFwQMIlFkyhUMbwdGncHxKQOGj0cDhmIXDKUCBpEoAuUKhl4FhqFCgGFGwCASFUxhwACLveIowTA8LmAQiQqhoGC4WHLfKb5f74KhqeBgWDBgGBQwiET5ViAwXL7tXCp54JQcPRim04OhRMAgEkWlIGDAKMWLCgzF97Ur8fCRAkP7kYFhVMAgEuVZJwgMy2nBcK2s2pRECxhEoigUHAz3k8DQReeT05WIDQIMaxt5AsPEzLzurkwBhqt3qgQMIlGE8gMDzpkfGIYnpsnSzysYxqfnBAwiUYEUCAxXDoPhkQWGkYkZsvSPGAwSYxCJopI/GG4GAEOBLIYhAYNIVBDlBIaePpq0lgyGSEa7CRhEoqOTLxjO6eDjBQWGokNgeE+FiMcDDFLgJBJFpsBgKE4Cw9OjAMO4gEEkKoSCgeFWRjBQVsJNV24eDRhQEv2bgEEkikR+YIB+PgSGJwoML0zwUcAgEp06hQJDhQeGRhsM4wyGVQGDSHQaFBwMFYfA0Akw9FtgWBEwiESnQlGDYXPrs7O791XAIBKdZGUDhsoEMAzTmAQGw9anbWfvq4BBJDqxUufjH6XvfucIYDgfAAyL+QZD/0jq3ZUAw9837skwWJEoAsUDWAsEhku3rNFuj53KRgWGJx4YhggMi4UAw0RaMPx14y4VXAgYRKLclBUY6h/TirrGJ10Ehp5UYMhXjEHAIBLlX9mBodWpaWmnOgYBg0h0ChUcDCV6fDyDoTkJDGNTtKVewCASnQJFAoa+YwKGvxUYfhUwiEQ5KxwYygkM5QoMdY87qFdCwCASnUIFBcNPDAZsolJgqG/rpNFuAgaR6BQqDBjOMRjqksEwpMAwKWAQiU6LcgEDuRKv33vbro8FGKTASSTKWYHBcFGB4aaAQSQ6E1Ln4z84I0ZjYcCAc4mFMy4Y5iIEA75YwCASHb2SIJEgBYaYAkOspLJhrILA0OE87uimCU4EhlENhoXl3MDwH1wAqS+OKTDEFBhiCgwxBYaYAkNMgSGmwBBTYIgpMMQUGGIKDDEFhpgCQ0yBIabAkPKXSNL/+j0hIpEomG4/bPyPAkNMgSGmwBBTYIgpMMQUGGIKDDEFhtjW1nbs69dvY6HB4PfDRSLRyZYCw39w02cDwFLaG7XvNxWJRGdP/x94+FBO8YyLyQAAAABJRU5ErkJggg=="/>
  <rect class="cls-9" x="90.8" y="123.6" width="83.5" height="62.9"/>
  <rect class="cls-10" x="172.9" y="123.6" width="2" height="62.9"/>
  <rect class="cls-11" x="91.2" y="123.6" width="2" height="62.9"/>
  <path class="cls-2" d="M130.5,3a127.42,127.42,0,0,1,90.1,217.5,127.47,127.47,0,0,1-180.2,0A127.4,127.4,0,0,1,130.5,3m0-3A130.5,130.5,0,1,0,261,130.5,130.47,130.47,0,0,0,130.5,0Z"/>
</svg>

                                <svg class="trustmark" xmlns="http://www.w3.org/2000/svg" xmlns:xlink="http://www.w3.org/1999/xlink" viewBox="0 0 322 261" aria-label="Trustmark">
  <title>Trustmark</title>
    <path class="st0" d="M208.2 0c-0.2 0.7 0.6 1.8-0.9 2 -0.2-0.2 0.5-0.8-0.2-0.8 -0.4 0-0.5 0.3-0.4 0.7 0 0.2 0.1 0.4 0 0.6 -0.1 0.2-0.3 0.4-0.1 0.6 0.3 0.3 0.5-0.1 0.8-0.2 0.6-0.4 1.2-0.8 1.9-1.2C208.8 3 209 4.2 207.8 5c2 0 3.3-1.5 5.1-1.9 -0.9 1.2-2.6 1.4-3.4 2.8 -0.7 0.5-1.6 0.7-1.9 1.6 0.8-0.3 1.5-0.8 2.1-1.4 0.4 0 0.8 0 1.2-0.1 -2 1.8-4.3 3.1-6.2 4.9 -5.9 5.6-10.5 12.1-14.6 19 -4.9 8.3-9.3 16.8-12.6 25.8 -0.6 1.7-1.2 3.3-2.5 4.6 -2.3 2.3-4.7 2.5-7.3 0.5 -2.2-1.6-4-3.7-5.7-5.7 -3.2-3.6-6.3-7.4-9.5-11.2 -0.7-0.8-1.2-1.7-1.7-2.6 -0.4-0.7-0.3-1.3 0.2-1.7 1.2-1 2-2.3 3.4-3.1 0.9-0.5 1-1.7 1.7-2.4 0.7-0.7 1-0.6 1.4 0.1 1.6 2.2 3.3 4.5 5.2 6.5 2.1 2.1 4.2 4.4 6.2 6.7 1.2-3 2.3-5.8 3.5-8.6 2.3-5.2 4.8-10.2 7.9-15 0.6-0.9 1-1.9 1.7-2.8 0.1-0.1 0.3-1.3 0.7-0.2 0.3-0.2 0.5-0.4 0.5-0.7 0-0.1 0.1-0.1 0.1-0.2 0 0-0.1-0.1-0.1-0.1 0 0.1-0.1 0.1-0.1 0.2 -0.4-0.9 0.5-1.5 0.9-1.6 1.5-0.1 2.3-1.2 3-2.1 1.4-2 3.2-3.7 4.6-5.6 0.7-1 1.4-2 2.2-3.1 -0.2 0-0.2 0-0.1 0 0 0.2-0.1 0.4 0 0.5 0.2 0.3 0.3 0 0.5-0.1 1.1-1 1.9-2.3 3.2-3.1 0.2-0.1 0.8-0.6 0-0.8 0.3-0.2 0.4-0.6 0.9-0.6 -0.1 0.7 1.2-0.6 0.8 0.6 0 0.1 0.4 0.4 0.3 0.9 0 0.3 0.4 0.8 1 0.2 1-1 2-1.9 3.3-2.4 0 0.2-0.1 0.5 0.3 0.4 0.1 0 0.3-0.3 0.3-0.3 -0.2-0.2-0.4-0.1-0.6-0.1 1-1 2.2-1.5 3.3-2.3 0.3-0.2 0.7-0.3 0.7-0.7C208 0 208.1 0 208.2 0zM205.8 3.9c-0.4-0.2-0.7-0.2-1 0.1 0 0 0 0.3 0.1 0.3C205.3 4.4 205.5 4.1 205.8 3.9zM199.2 6.5c0.3 0 0.4-0.2 0.4-0.4 0-0.1-0.1-0.3-0.2-0.3C199.2 5.9 199 6 199 6.3 199 6.4 199.2 6.5 199.2 6.5z"/>
    <path class="st1" d="M0 118.6c5.4-0.1 10.9-0.2 16.3-0.2 0.7 0 1-0.3 1.2-0.9 1.6-4.5 3.2-9 4.7-13.4 0.1-0.3 0.3-0.7 0.5-1.3 0.9 2.5 1.7 4.8 2.5 7.1 0.9 2.5 1.8 5.1 2.7 7.6 0.3 0.8 0.6 1 1.4 1 5.3 0 10.6 0 15.9 0 0 0.1 0.1 0.3 0.1 0.4 -0.3 0.2-0.6 0.4-0.8 0.6 -3.8 2.7-7.6 5.5-11.5 8.2 -1 0.7-1.2 1.3-0.8 2.4 1.5 4.3 2.8 8.6 4.2 12.9 0.1 0.3 0.3 0.6 0.2 1.1 -0.4-0.3-0.8-0.5-1.1-0.7 -3.9-2.7-7.9-5.3-11.8-8 -0.8-0.5-1.2-0.5-2 0 -3.9 2.7-7.8 5.3-11.7 8 -0.4 0.3-0.7 0.5-1.4 0.9 0.9-2.9 1.7-5.4 2.6-8 0.8-2.4 1.5-4.7 2.3-7.1 0.2-0.5 0.2-0.8-0.3-1.2 -4.3-3-8.6-6.1-12.8-9.2 -0.1-0.1-0.2-0.1-0.4-0.1C0 118.8 0 118.7 0 118.6z"/>
    <path class="st1" d="M98 245.5c-4.4-3-8.6-5.8-12.7-8.6 -1.1-0.8-1.8-0.8-2.9 0 -4.1 2.9-8.3 5.6-12.7 8.6 0.9-2.8 1.7-5.3 2.5-7.8 0.8-2.4 1.5-4.7 2.3-7.1 0.3-0.8 0.1-1.2-0.5-1.7 -3.9-2.7-7.8-5.5-11.6-8.3 -0.4-0.3-0.7-0.5-1-1.1 2.1 0 4.2 0 6.3 0 3.2 0 6.3-0.1 9.5-0.1 0.9 0 1.3-0.3 1.6-1.1 1.5-4.4 3.1-8.8 4.6-13.2 0.1-0.4 0.3-0.8 0.5-1.3 1.5 4.3 3 8.4 4.4 12.5 1.1 3.2 1.1 3.2 4.5 3.2 4.3 0 8.5 0.1 12.8 0.1 0.2 0 0.5 0 1.1 0.1 -0.6 0.4-0.9 0.7-1.3 0.9 -3.8 2.7-7.7 5.5-11.5 8.2 -0.8 0.6-1 1-0.7 1.9C94.8 235.6 96.3 240.4 98 245.5z"/>
    <path class="st1" d="M192.5 245.1c0.7-3.1 1.9-6.1 2.8-9.1 0.5-1.8 1.1-3.6 1.8-5.4 0.3-0.7 0.1-1.1-0.5-1.5 -3.9-2.7-7.8-5.5-11.6-8.3 -0.4-0.3-0.7-0.5-1.1-0.9 0.5-0.4 1-0.2 1.4-0.2 4.9-0.1 9.8-0.1 14.7-0.1 0.8 0 1.1-0.3 1.3-1 1.5-4.4 3.1-8.8 4.7-13.2 0.1-0.4 0.3-0.8 0.5-1.5 0.4 1 0.7 1.8 1 2.6 1.4 4 2.8 7.9 4.2 11.9 0.3 0.9 0.7 1.1 1.6 1.1 4.8 0 9.6 0.1 14.4 0.1 0.4 0 0.9-0.2 1.4 0.2 -1.1 0.8-2.1 1.6-3.2 2.3 -3.1 2.3-6.3 4.5-9.5 6.7 -0.7 0.5-0.9 0.9-0.6 1.7 1.5 4.3 2.8 8.6 4.2 13 0.2 0.5 0.4 0.9 0.3 1.5 -0.5 0.1-0.8-0.3-1.1-0.5 -3.9-2.7-7.9-5.3-11.8-8 -0.8-0.5-1.3-0.5-2.1 0 -3.9 2.7-7.8 5.3-11.7 7.9C193.3 244.8 193 245.3 192.5 245.1L192.5 245.1z"/>
    <path class="st1" d="M251.3 160.8c1.8 5 3.5 9.8 5.1 14.6 0.3 0.9 0.7 1.1 1.6 1.1 5 0 10 0.1 15 0.1 0.2 0 0.5-0.1 0.8 0.2 -1.9 1.4-3.8 2.7-5.7 4.1 -2.3 1.6-4.5 3.3-6.8 4.8 -0.8 0.6-1 1-0.7 2 1.5 4.4 2.9 8.9 4.4 13.3 0.1 0.4 0.2 0.7 0.4 1.3 -3.5-2.4-6.9-4.7-10.3-7 -1.3-0.8-2.5-2.3-3.8-2.4 -1.3-0.1-2.5 1.5-3.8 2.3 -3.4 2.3-6.8 4.6-10.4 7 0.7-2 1.2-3.8 1.8-5.6 1-3.1 2-6.2 3-9.2 0.3-0.8 0.1-1.2-0.6-1.7 -3.9-2.7-7.8-5.5-11.6-8.3 -0.4-0.3-0.7-0.5-1-1.1 1.6 0 3.2 0 4.9 0 3.7 0 7.3-0.1 11-0.1 0.8 0 1.2-0.2 1.4-1 1.6-4.6 3.2-9.1 4.8-13.7C251 161.6 251.1 161.3 251.3 160.8z"/>
    <path class="st1" d="M61.1 176.9c-4.1 3-8.2 6-12.4 8.8 -1 0.7-1.1 1.2-0.7 2.2 1.5 4.4 2.9 8.9 4.3 13.3 0.1 0.3 0.2 0.6 0.3 1.2 -3.8-2.6-7.4-5-10.9-7.4 -1-0.7-2.1-1.9-3.2-1.9 -1 0-2 1.2-3.1 1.8 -3.6 2.4-7.2 4.9-11.1 7.5 0.8-2.4 1.4-4.4 2.1-6.5 0.9-2.8 1.8-5.6 2.7-8.4 0.3-0.8 0.1-1.2-0.6-1.6 -3.8-2.6-7.5-5.3-11.2-8 -0.5-0.4-1-0.7-1.5-1.4 1.7 0 3.3 0 5 0 3.7 0 7.3-0.1 11-0.1 0.8 0 1.2-0.3 1.4-1.1 1.6-4.6 3.2-9.2 4.9-13.8 0.1-0.2 0.1-0.4 0.4-0.6 0.8 2.2 1.6 4.4 2.4 6.7 0.9 2.5 1.8 5.1 2.7 7.6 0.3 0.9 0.8 1.2 1.7 1.2 5.2 0 10.4 0 15.6 0C61 176.6 61 176.8 61.1 176.9z"/>
    <path class="st1" d="M24.5 84.7c0.9-2.8 1.8-5.6 2.7-8.4 0.7-2 1.3-4.1 2-6.1 0.3-0.8 0.1-1.2-0.6-1.6 -4.3-3-8.5-6.1-12.7-9.4 1.6 0 3.3 0 4.9 0 3.7 0 7.3-0.2 11-0.1 0.9 0 1.2-0.3 1.5-1.1 1.5-4.4 3.1-8.8 4.6-13.2 0.1-0.4 0.1-0.8 0.6-1.1 1.7 4.7 3.3 9.3 4.9 14 0.3 1 0.8 1.4 1.9 1.4 5.1 0 10.1 0.1 15.2 0.2 0.1 0 0.3 0 0.7 0 -3.3 2.4-6.4 4.6-9.5 6.8 -1.1 0.8-2.2 1.7-3.4 2.4 -0.8 0.5-0.9 1-0.6 1.8 1.5 4.5 3 9 4.4 13.5 0.1 0.2 0.1 0.5 0.2 0.9 -0.5-0.3-0.8-0.4-1.1-0.6 -4-2.7-8-5.4-12-8.2 -0.7-0.5-1.2-0.5-1.9 0 -3.9 2.7-7.9 5.4-11.9 8.1C25.3 84.3 25.1 84.7 24.5 84.7z"/>
    <path class="st1" d="M97.9 41.9c-3-2-5.7-3.9-8.5-5.7 -1.6-1.1-3.2-2.1-4.8-3.3 -0.7-0.5-1.1-0.4-1.8 0C79 35.7 75 38.4 71 41.1c-0.3 0.2-0.7 0.5-1.3 0.9 0.7-2 1.2-3.8 1.8-5.6 1-3.1 2-6.2 3-9.2 0.3-0.8 0.1-1.2-0.5-1.7 -3.9-2.8-7.8-5.6-11.7-8.4 -0.3-0.2-0.7-0.5-1.3-1 1.4 0 2.5 0 3.6 0C68.7 16.1 73 16 77.2 16c0.8 0 1.2-0.3 1.4-1.1 1.5-4.4 3.1-8.7 4.6-13.1 0.2-0.4 0.3-0.9 0.6-1.5 1 2.9 2 5.5 2.9 8.2 0.8 2.2 1.6 4.3 2.3 6.5 0.2 0.7 0.6 0.9 1.4 0.9 5.3 0 10.6 0 16 0 -0.1 0.7-0.5 0.8-0.8 1 -4 2.8-7.9 5.7-11.9 8.5 -0.7 0.5-0.8 0.9-0.5 1.7 1.5 4.4 2.9 8.8 4.3 13.2C97.6 40.8 97.7 41.2 97.9 41.9z"/>
    <path class="st1" d="M131.2 261c1.6-4.9 3-9.5 4.6-14.1 0.4-1.3 0.3-2-0.9-2.8 -4.1-2.8-8.1-5.7-12.1-8.9 1.6 0 3.3 0 4.9 0 3.7 0 7.4-0.1 11.1-0.1 0.8 0 1.1-0.3 1.3-1 1.6-4.5 3.2-9 4.8-13.6 0.1-0.3 0.2-0.6 0.4-1.1 1 2.8 1.9 5.4 2.8 8 0.8 2.2 1.6 4.4 2.3 6.7 0.3 0.8 0.6 1 1.4 1 5.1 0 10.3 0.1 15.4 0.2 0.2 0 0.3 0 0.8 0 -1.7 1.2-3.1 2.2-4.5 3.2 -2.8 2-5.5 4-8.3 5.9 -0.8 0.5-1 1-0.7 1.9 1.6 4.5 3 9.1 4.5 13.7 0.1 0.2 0.1 0.5 0.3 1 -2.3-1.6-4.4-3-6.5-4.4 -2.3-1.6-4.6-3.1-6.9-4.7 -0.6-0.4-1-0.4-1.5 0 -3.8 2.6-7.6 5.2-11.4 7.7C132.6 260.1 132.1 260.4 131.2 261z"/>
    <path class="st1" d="M163.8 79.4c-0.5 0.8-0.3 1.4-0.3 2 -0.1 5.2-0.3 10.4-0.4 15.7 0 1-0.3 1.6-1.4 1.5 0 0-0.1 0-0.1 0 -3.5 0.4-3.8 0.1-3.6-3.3 0.3-8.1 0.7-16.2 0.9-24.3 0-1 0.3-1.5 1.3-1.4 0.1 0 0.3 0 0.4 0 4.1-0.4 4.4-0.3 5.9 3.6 1.7 4.2 3.4 8.5 5.2 12.9 1.3-3.1 2.4-5.9 3.6-8.8 0.9-2.2 1.9-4.4 2.7-6.6 0.3-0.7 0.6-1 1.4-1 1.2-0.1 2.4-0.1 3.7 0 0.8 0.1 1.1 0.3 1.1 1.2 0.3 7.4 0.7 14.7 1 22.1 0.1 1.6 0.1 3.2 0.2 4.8 0 0.6-0.1 0.9-0.8 1 -1.3 0.1-2.6 0.2-3.9 0 -0.7-0.1-0.9-0.4-0.9-1 -0.2-5.3-0.3-10.6-0.5-15.9 0-0.6-0.1-1.2-0.4-1.9 -1.1 2.6-2.2 5.1-3.3 7.7 -0.6 1.3-1.2 2.6-1.7 3.9 -0.3 0.9-0.8 1.2-1.7 1.2 -0.2 0-0.3 0-0.5 0 -2.7 0.2-2.7 0.2-3.7-2.4C166.6 86.6 165.2 83.1 163.8 79.4z"/>
    <path class="st1" d="M198.6 79.4c-0.2 6-0.4 12-0.5 18 0 0.7-0.2 0.9-0.9 1 -1.3 0.2-2.7 0.4-3.7-0.2 -1.3-0.7-0.5-2.3-0.4-3.4 0.3-8.2 0.6-16.3 0.9-24.5 0-0.6 0.2-0.9 0.8-0.9 1.5-0.1 2.9-0.2 4.4 0 0.8 0.1 1.1 0.4 1.4 1.1 1.9 4.8 3.8 9.5 5.7 14.3 0.1 0.3 0.2 0.5 0.3 0.8 0.4-0.3 0.5-0.8 0.7-1.2 1.9-4.7 3.9-9.3 5.8-14 0.3-0.7 0.7-1 1.4-1.1 1.3-0.1 2.6-0.1 3.9 0 0.6 0.1 0.8 0.3 0.8 0.9 0.2 5.8 0.5 11.5 0.8 17.3 0.1 3.1 0.3 6.2 0.5 9.3 0.1 1-0.2 1.4-1.2 1.5 -1.1 0-2.2 0.1-3.3 0 -0.8-0.1-1.1-0.3-1.1-1.2 -0.2-5.5-0.4-11-0.6-16.5 0-0.3-0.1-0.7-0.1-1 -0.6 0.2-0.6 0.7-0.7 1.1 -1.5 3.5-3.1 7-4.5 10.5 -0.3 0.8-0.8 1.1-1.6 1.1 0 0-0.1 0-0.1 0 -3.1 0.3-3.1 0.3-4.2-2.6 -1.3-3.2-2.5-6.4-3.8-9.6 -0.1-0.3-0.3-0.7-0.5-1C198.8 79.4 198.7 79.4 198.6 79.4z"/>
    <path class="st1" d="M151 84c0 1.9-0.2 3.7-0.6 5.5 -1.6 6.5-6.5 9.8-13.2 9.2 -5.3-0.5-8.6-3.3-10.1-8.3 -1.4-4.5-1.3-9.1 0.2-13.5 1.8-5.2 6.2-8.2 11.7-7.8 6.7 0.4 10.7 4.1 11.8 10.8C150.9 81.3 151.1 82.7 151 84zM132.4 84.1c0.1 0.9 0.1 1.9 0.2 2.8 0.1 1.3 0.4 2.6 1 3.8 1 2.2 2.7 3.3 5.1 3.3 2.4 0 4.2-1.1 5-3.3 1.6-4.1 1.5-8.3 0.3-12.4 -0.8-2.7-2.6-4-5.2-4 -2.5 0-4.4 1.3-5.4 3.8C132.6 79.9 132.4 82 132.4 84.1z"/>
    <path class="st1" d="M273.2 98.3c-2 0.2-3.8 0.3-5.6 0.1 -0.6-0.1-1-0.3-1.3-0.8 -2.2-4-4.4-7.9-6.7-11.9 -0.4-0.7-0.3-1 0.4-1.3 1-0.4 2-1 2.8-1.7 2-1.7 2.6-4.2 1.5-6.4 -0.9-1.7-3.3-2.7-5.6-2.3 -0.8 0.1-0.6 0.7-0.6 1.1 0 5.5 0 11 0 16.6 0 1.8-0.1 3.5 0 5.3 0.1 1.1-0.3 1.3-1.3 1.4 -1.3 0-2.5 0.1-3.8 0 -0.7 0-0.8-0.3-0.8-0.9 0-9 0-18 0-27.1 0-0.4-0.1-0.8 0.6-0.9 4.1-0.4 8.1-0.9 12.1 0.4 3.2 1 5.4 3 5.9 6.5 0.5 3.7-0.5 6.8-3.7 9 -0.7 0.5-0.9 0.8-0.4 1.6 2.1 3.5 4.1 7.1 6.1 10.6C273 97.9 273.1 98 273.2 98.3z"/>
    <path class="st1" d="M305.1 83.9c0-4.4 0-8.8 0-13.1 0-0.9 0.2-1.2 1.2-1.2 4.7 0.1 9.4 0 14.2 0 0.8 0 1.2 0.1 1.2 1 0 0 0 0.1 0 0.1 0.5 3.6 0.3 3.9-3.3 3.9 -2.1 0-4.3 0-6.4 0 -0.7 0-0.9 0.2-0.9 0.9 0 1.5 0 2.9 0 4.4 0 0.7 0.2 0.9 0.9 0.9 2.1 0 4.2 0 6.3 0 1 0 1.2 0.4 1.3 1.2 0.3 3.9 0.3 3.9-3.5 3.9 -1.3 0-2.6 0-3.9 0 -0.7 0-1.1 0.2-1 1 0.1 1.9 0 3.8 0 5.7 0 0.7 0.2 0.9 0.9 0.9 2.9 0 5.9 0 8.8 0 0.7 0 1.1 0.1 1.1 0.9 0 0.1 0 0.2 0 0.2 0.5 3.5 0.2 3.9-3.2 3.9 -4.2 0-8.3 0-12.5 0 -0.8 0-1.1-0.2-1.1-1.1C305.1 92.8 305.1 88.4 305.1 83.9z"/>
    <path class="st1" d="M228.4 83.9c0-4.4 0-8.8 0-13.1 0-0.9 0.2-1.2 1.1-1.1 4.8 0 9.5 0 14.3 0 0.7 0 1.1 0.2 1.1 1 0.1 1.1 0.1 2.1 0 3.1 0 0.8-0.3 1-1.1 1 -2.8 0-5.6 0-8.3 0 -1 0-1.2 0.3-1.2 1.2 0.1 1.2 0.1 2.4 0 3.7 -0.1 1.1 0.3 1.3 1.4 1.3 2-0.1 4 0 5.9 0 0.9 0 1.1 0.3 1.2 1.1 0.5 3.8 0.3 4-3.5 4 -1.3 0-2.6 0-3.9 0 -0.7 0-1.1 0.1-1 1 0.1 1.9 0 3.8 0 5.7 0 0.7 0.2 0.9 0.9 0.9 2.9 0 5.9 0 8.8 0 0.8 0 1.1 0.2 1.1 1 0 0.2 0.1 0.4 0.1 0.6 0.3 3.2 0.1 3.5-3.1 3.5 -4.2 0-8.3 0-12.5 0 -1 0-1.3-0.2-1.3-1.2C228.5 92.7 228.4 88.3 228.4 83.9z"/>
    <path class="st1" d="M86.4 98.3c-2.4 0-4.9 0-7.3 0 -0.7 0-0.9-0.2-0.9-0.9 0-9 0-17.9 0-26.9 0-0.8 0.3-1 1-0.9 4.8 0 9.5 0 14.3 0 0.9 0 1.1 0.3 1.2 1.2 0.3 3.9 0.3 3.9-3.5 3.9 -2 0-4 0-6.1 0 -0.8 0-1.1 0.1-1.1 1 0.1 1.3 0.1 2.6 0 3.9 -0.1 0.9 0.2 1.3 1.2 1.2 2.1-0.1 4.1 0 6.2 0 0.8 0 1.1 0.2 1.1 1 0 0.1 0 0.2 0 0.2 0.5 3.5 0.2 3.9-3.2 3.9 -1.5 0-2.9 0-4.4 0 -0.6 0-0.8 0.2-0.8 0.8 0 1.9 0.1 3.9 0 5.8 0 0.8 0.3 1 1 1 2.9 0 5.8 0 8.7 0 0.8 0 1.1 0.2 1.2 1 0.4 4 0.4 4-3.6 4C89.7 98.3 88 98.3 86.4 98.3z"/>
    <path class="st1" d="M156.3 124.6c0-3 0.4-6 1.7-8.7 2.3-4.6 6.1-6.4 11.1-6.2 4.9 0.2 8.4 2.5 10.1 7 1.9 5.1 1.9 10.3 0.1 15.4 -1.9 5.3-7 8-12.9 7 -5.4-0.9-8.8-4.6-9.7-10.6C156.4 127.3 156.3 126 156.3 124.6zM176.2 124.6c-0.1-2.4-0.2-4.8-1.3-7 -1.3-2.8-3.4-4.2-6.4-4.2 -3.1 0-5.3 1.4-6.5 4.2 -1.9 4.7-1.9 9.5 0 14.1 1.2 2.9 3.5 4.2 6.6 4.1 3.1-0.1 5.1-1.6 6.3-4.4C175.9 129.3 176.1 127 176.2 124.6z"/>
    <path class="st1" d="M283.8 84c0.1 1.8 0.2 3.6 0.9 5.2 1 2.6 3 4 5.7 4.4 2 0.3 4 0.2 5.9-0.5 0.8-0.3 1.1-0.1 1.4 0.7 1.4 4.4 1.6 3.9-2.6 4.7 -3.6 0.7-7.3 0.6-10.6-1.2 -4.9-2.6-6.6-7.2-6.9-12.4 -0.2-2.8 0.3-5.5 1.4-8.1 2.3-5.1 7.1-8 12.6-7.7 1.9 0.1 3.9 0.3 5.7 0.9 0.7 0.3 1.1 0.6 0.8 1.4 -0.1 0.2 0 0.3-0.1 0.5 -0.3 0.9-0.4 2-1 2.7 -0.7 0.9-1.7-0.2-2.6-0.2 -1 0-2.1-0.3-3.1-0.2 -4.2 0.5-6.6 2.8-7.1 7.2C283.9 82.2 283.9 83.1 283.8 84z"/>
    <path class="st1" d="M100.4 84c0-2.5 0.4-4.9 1.4-7.1 2.4-5.5 7.4-8.3 14.1-7.7 1.5 0.1 3 0.4 4.4 0.9 0.6 0.2 0.8 0.5 0.7 1.1 -0.2 1.2-0.7 2.3-1 3.4 -0.3 0.7-0.7 0.4-1.1 0.3 -1.8-0.5-3.6-0.8-5.5-0.5 -2.9 0.4-4.8 2-5.8 4.6 -1.2 3.3-1.2 6.7-0.1 10 0.9 2.8 3 4.3 5.9 4.6 2 0.2 4 0.1 5.9-0.5 0.7-0.2 1-0.1 1.2 0.5 0.4 1.1 0.7 2.2 0.9 3.3 0.1 0.4 0 0.7-0.4 0.9 -5 2.4-13.3 1-16.9-3C101.2 91.7 100.4 88 100.4 84z"/>
    <path class="st1" d="M143 126.9c2.7 4 5.4 7.9 8.2 11.9 -1.5 0.4-2.8 0.3-4.2 0.1 -0.4 0-0.6-0.3-0.9-0.7 -2.7-4-5.5-8-8.3-11.9 -0.6-0.8-0.4-1 0.5-1.2 2-0.6 3.9-1.4 5.2-3.2 2.5-3.4 0.6-8.1-3.6-8.6 -1-0.1-2.1-0.1-3.1-0.1 -0.8 0-1 0.3-1 1.1 0 3.9 0 7.8 0 11.8 0 3.9 0 7.8 0 11.6 0 0.9-0.2 1.4-1.1 1.3 0 0-0.1 0-0.1 0 -2.8 0.3-2.8 0.3-2.8-2.6 0-8.4 0-16.8 0-25.2 0-0.9 0.2-1.2 1.2-1.3 2.8-0.2 5.6-0.4 8.4 0 4 0.6 6.7 2.9 7.5 6.3 0.8 3.8-0.7 7.3-4.1 9.5C144.2 126.2 143.6 126.5 143 126.9z"/>
    <path class="st1" d="M102 120.3c0-3 0-6.1 0-9.1 0-0.9 0.3-1.1 1.1-1.2 3.1-0.2 3.1-0.2 3.1 2.9 0 4.8 0 9.5 0 14.3 0 1.5 0.2 2.9 0.5 4.4 0.7 2.7 2.4 4 5.2 4 3.3 0 5.1-1.1 5.8-3.9 0.4-1.4 0.6-2.9 0.6-4.4 0-5.4 0-10.7 0-16.1 0-1 0.3-1.2 1.2-1.3 3-0.1 3.1-0.1 3 2.8 -0.1 5.6 0.2 11.2-0.1 16.8 0 0.9-0.2 1.8-0.4 2.7 -1.1 4.2-3.7 6.5-8.1 6.9 -1.2 0.1-2.5 0.1-3.7-0.1 -5-0.7-7.7-3.9-8.1-9.6C102 126.6 102.1 123.5 102 120.3z"/>
    <path class="st1" d="M188.7 124.5c0-4.4 0-8.8 0-13.3 0-0.9 0.3-1.2 1.2-1.3 2.9-0.2 5.8-0.5 8.7 0 5.7 0.9 8.6 4.9 7.7 10.6 -0.6 4.5-3.4 7.1-8 7.8 -1.4 0.2-2.8 0.4-4.3 0.2 -0.8-0.1-1.2 0.1-1.1 1 0.1 2.7 0 5.5 0 8.2 0 0.8-0.2 1.1-1 1.1 -3.2 0.3-3.2 0.3-3.2-2.9C188.7 132.3 188.7 128.4 188.7 124.5zM192.9 119.1c0 0.8 0 1.5 0 2.3 0 4.1 0 4.1 4.2 3.6 2.8-0.4 4.5-1.9 4.9-4.6 0.7-3.8-1.2-6.5-4.9-6.9 -1.1-0.1-2.3 0-3.4-0.1 -0.6 0-0.8 0.3-0.8 0.9C193 115.8 192.9 117.5 192.9 119.1z"/>
    <path class="st1" d="M213.6 124.5c0-4.4 0-8.8 0-13.1 0-0.8 0.2-1.2 1.1-1.1 4.6 0 9.2 0.1 13.8 0 0.9 0 1 0.3 1 1.1 0 2.5 0.1 2.5-2.5 2.5 -2.7 0-5.5 0-8.2 0 -0.8 0-1.1 0.1-1.1 1 0.1 2.1 0.1 4.1 0 6.2 0 0.8 0.3 1 1 1 2.4 0 4.8 0 7.2 0 0.9 0 1.2 0.2 1.3 1.2 0.1 2.5 0.1 2.5-2.3 2.5 -2.1 0-4.1 0-6.2 0 -0.7 0-1 0.2-0.9 0.9 0 2.7 0 5.3 0 8 0 0.8 0.3 0.9 1 0.9 3.3 0 6.6 0 9.9 0 1 0 1.4 0.3 1.3 1.2 0 0.1 0 0.2 0 0.3 0.1 2.1 0.1 2.1-1.9 2.1 -4.3 0-8.7 0-13 0 -1 0-1.4-0.2-1.3-1.3C213.6 133.3 213.6 128.9 213.6 124.5z"/>
    <path class="st1" d="M78.9 124.5c0-4.4 0-8.8 0-13.1 0-1 0.3-1.2 1.2-1.2 4.5 0 8.9 0.1 13.4 0 1 0 1.4 0.3 1.4 1.2 0 0.3 0 0.7 0 1 0.1 1.1-0.3 1.4-1.4 1.4 -3.1-0.1-6.2 0-9.4-0.1 -0.8 0-1.1 0.2-1.1 1 0.1 2 0.1 4 0 6.1 0 0.9 0.3 1.1 1.2 1.1 2.4-0.1 4.9 0 7.3 0 0.7 0 0.9 0.2 1 0.9 0.3 2.5 0.1 2.8-2.3 2.8 -2.1 0-4.2 0-6.3 0 -0.7 0-0.9 0.2-0.9 0.9 0 2.7 0 5.4 0 8.1 0 0.7 0.3 0.8 0.9 0.8 3.3 0 6.6 0.1 9.9 0 1.2 0 1.5 0.4 1.4 1.4 0 0.1 0 0.2 0 0.3 0 1.9 0 1.9-1.9 1.9 -4.4 0-8.9 0-13.3 0 -0.9 0-1.1-0.2-1.1-1.1C78.9 133.4 78.9 128.9 78.9 124.5z"/>
    <path class="st1" d="M233.2 55.4c-0.9 0.9-1.7 1.8-2.9 2.4 -1.1 0.5-2.1 0.7-3.3 0.6 -2.1-0.2-3.4-1.5-3.4-3.6 -0.1-2.9 0.8-5.6 1.2-8.4 0.2-1.2 0.5-2.5 0.6-3.7 0.1-0.9 0.4-1.4 1.4-1.3 0.2 0 0.3-0.1 0.5-0.1 1.6 0 1.6 0.1 1.4 1.7 -0.5 3-1.1 6-1.6 9.1 -0.2 0.9-0.2 1.8 0.2 2.6 0.5 0.9 1.9 1.2 3.2 0.6 1.4-0.7 2.2-2 2.8-3.3 1.2-2.5 1.5-5.3 2-8 0-0.1 0-0.3 0-0.4 0.4-2.2 0.5-2.3 2.7-2.1 0.9 0.1 0.9 0.4 0.8 1.1 -0.6 3-1.1 6-1.6 8.9 -0.3 1.9-0.8 3.8-0.7 5.8 0.1 0.8-0.2 1.1-1 1 -0.3 0-0.7 0-1 0 -0.9 0.1-1.2-0.3-1.2-1.2 0-0.5 0-1 0-1.5 0-0.1 0.1-0.3 0-0.3C233.2 55.1 233.2 55.3 233.2 55.4z"/>
    <path class="st1" d="M246.6 58.4c-0.9 0.1-1.9-0.1-2.9-0.3 -1.4-0.3-1.8-1.6-0.8-2.7 0.3-0.4 0.7-0.2 1-0.1 1.5 0.4 3 0.6 4.6 0.4 1.5-0.2 2.3-1 2.4-2.2 0.2-1.4-0.7-2.1-1.8-2.6 -0.7-0.3-1.3-0.6-2-0.8 -3.5-1.4-3-5.8-0.9-7.5 2-1.6 6.7-2 8.9-0.7 0.5 0.3 0.3 0.5 0.2 0.9 -0.5 1.7-0.5 1.7-2.1 1.3 -1.3-0.3-2.6-0.5-3.9-0.1 -0.8 0.2-1.4 0.7-1.5 1.6 -0.1 1 0.3 1.6 1.2 2 0.8 0.4 1.6 0.7 2.4 1.1 3.4 1.7 3.8 5.9 0.7 8.2C250.9 58 249.2 58.4 246.6 58.4z"/>
    <path class="st1" d="M201.6 41.5c1.1 0 2.1 0 3.2 0 0.7 0 0.9 0.1 0.9 0.9 -0.1 1.7-0.2 1.8-1.8 1.8 -2.6 0-2.6 0-3.1 2.6 -0.4 2.1-0.8 4.1-1.1 6.2 -0.3 2.3 0.4 3 2.7 2.6 0.5-0.1 1.2-0.4 1.1 0.5 -0.1 0.7 0.7 1.8-0.7 2 -1.3 0.2-2.6 0.2-3.9 0 -1.6-0.3-2.5-1.4-2.5-3 0-3.2 0.9-6.2 1.4-9.3 0.2-1.6 0.3-1.6-1.3-1.6 -0.4 0-1.1 0.3-1-0.5 0.1-0.8-0.3-1.9 0.9-2.2 0.6-0.1 1.6 0.3 1.9-0.2 0.5-0.7 0.4-1.8 0.5-2.7 0.1-0.6-0.2-1.3 0.8-1.5 2.8-0.6 2.5-0.5 2.4 2C201.9 39.9 201.7 40.6 201.6 41.5z"/>
    <path class="st1" d="M265.6 58.4c-0.7-0.1-1.3-0.1-1.9-0.2 -1.7-0.3-2.6-1.3-2.7-3 -0.1-2.2 0.6-4.3 0.9-6.5 0.2-1.2 0.4-2.3 0.6-3.5 0.2-0.9-0.1-1.1-0.9-1.1 -0.5 0-1.5 0.6-1.4-0.7 0.1-1.6 0.4-2 1.6-1.9 1.2 0.1 1.7-0.3 1.7-1.5 0-0.6 0.2-1.2 0.1-1.8 0-0.6 0.2-0.9 0.8-1.1 2.3-0.8 2.7-0.4 2.4 2 -0.3 2.3-0.3 2.3 1.9 2.3 0.1 0 0.2 0 0.3 0 1.6 0 2 0.7 1.3 2.2 -0.1 0.3-0.2 0.4-0.5 0.4 -0.2 0-0.3 0-0.5 0 -1.1 0.1-2.4-0.5-3.1 0.3 -0.6 0.7-0.5 2-0.7 3 -0.3 1.8-0.7 3.6-1 5.3 -0.4 2.4 0.4 3.1 2.8 2.8 0.5-0.1 1-0.3 1 0.5 0 0.7 0.6 1.7-0.6 2C266.9 58.3 266.2 58.3 265.6 58.4z"/>
    <path class="st1" d="M214.3 44.1c1.5-1.7 3-2.8 5.1-2.7 0.8 0 1 0.3 0.9 1.1 -0.2 1.2-0.4 2.1-2 2 -1.8-0.1-3 1.1-3.8 2.7 -1 2-1.2 4.3-1.6 6.4 -0.2 1.1-0.4 2.2-0.6 3.4 -0.1 0.9-0.5 1.4-1.4 1.2 -0.4 0-0.8 0-1.1 0 -0.8 0-0.9-0.3-0.8-1 0.7-3.6 1.3-7.3 1.9-10.9 0.2-1.3 0.5-2.7 0.4-4 0-0.6 0.1-0.9 0.7-0.8 0.2 0 0.3 0 0.5 0 1.8-0.1 1.9 0 1.9 1.8C214.3 43.4 214.3 43.6 214.3 44.1z"/>
    <path class="st1" d="M192.5 245.1c0 0.1 0 0.1 0 0.2 0 0-0.1 0-0.1 0C192.4 245.2 192.4 245.1 192.5 245.1 192.5 245.1 192.5 245.1 192.5 245.1z"/>
    <path class="st2" d="M209.7 6.1c-0.6 0.6-1.3 1.1-2.1 1.4 0.3-0.9 1.2-1.1 1.9-1.6C209.6 6 209.7 6.1 209.7 6.1z"/>
    <path class="st2" d="M205.8 3.9c-0.3 0.3-0.6 0.5-0.9 0.4 -0.1 0-0.1-0.3-0.1-0.3C205.1 3.7 205.4 3.7 205.8 3.9z"/>
    <path class="st2" d="M199.2 6.5c-0.1-0.1-0.2-0.1-0.2-0.2 0-0.3 0.2-0.4 0.5-0.5 0 0 0.2 0.2 0.2 0.3C199.7 6.3 199.5 6.5 199.2 6.5z"/>
    <path class="st2" d="M203.8 3c0.2 0 0.5-0.2 0.6 0.1 0 0-0.2 0.3-0.3 0.3C203.7 3.6 203.8 3.3 203.8 3 203.9 3 203.8 3 203.8 3z"/>
    <path class="st2" d="M183.3 20.2c0-0.1 0.1-0.1 0.1-0.2 0 0 0.1 0.1 0.1 0.1C183.5 20.2 183.5 20.2 183.3 20.2 183.4 20.3 183.3 20.2 183.3 20.2z"/>
    <path class="st2" d="M233.2 55.4c0-0.1 0-0.2 0.2-0.2 0 0 0 0.2 0 0.3C233.3 55.5 233.2 55.4 233.2 55.4z"/>
  </svg>

                            </a>

                            <a href="https://legemiddelverket.no/import-og-salg/apotekdrift/registreringsordning-for-netthandel-med-legemidler/godkjente-utsalgssteder#oversikt-over-registrerte-nettsider-for-salg-av-legemidler-utenom-apotek"  target="_blank" rel="nofollow noopener noreferrer" >
                                <img alt="Kolonial.no er godkjent av Statens Legemiddelverk" class="eu-medicine-certificate" src="/static/img/eu-medicine.e5811f20af91.jpg">
                            </a>
                        </div>
                    </div>

                
            </footer>
        </div>
    </div>

    
    <div style="display: none;">
        <div class="popover popover-add-to-list">
    <div class="popover-add-to-list-content">

        <h1>
            Legg i handleliste
        </h1>

        <p class="existing">
            <label for="product-list-selector" class="sr-only">
                <small>Velg en handleliste</small>
            </label>
            <select id="product-list-selector" class="product-list form-control input-sm"></select>
            <small>
                eller <a href="#" class="toggle">lag en ny handleliste</a>
            </small>
        </p>

        <p class="new">
            <label for="new-list-name">
                <small>Lag en ny handleliste</small>
            </label>
            <input type="text" class="list-name form-control input-sm" id="new-list-name" placeholder="Navn (f.eks. ukeshandel)">
            <small>
                eller <a href="#" class="toggle">velg en av listene dine</a>
            </small>
        </p>

        <div class="done">

            <div class="text-center">
                <p class="success">
                    <span class="glyphicon glyphicon-ok"></span><br>
                    Lagt til!
                </p>

                <p>
                    <small>
                        <a href="#">Se handlelisten</a>
                    </small>
                </p>
            </div>

        </div>

        <p>
            <button type="button" name="add" class="btn btn-default btn-sm">
                Legg i handleliste
            </button>
        </p>

    </div>
</div>

    </div>

    
    <div class="modal" id="modal-container" tabindex="-1" role="dialog">
        <div class="modal-dialog modal-md" role="document">
            <div class="modal-content"></div>
        </div>
    </div>

    <div class="cart-backdrop toggle-cart">
        
    </div>

    
    

        
        

            <script type="text/javascript">!function(e,t,n){function a(){var e=t.getElementsByTagName("script")[0],n=t.createElement("script");n.type="text/javascript",n.async=!0,n.src="https://beacon-v2.helpscout.net",e.parentNode.insertBefore(n,e)}if(e.Beacon=n=function(t,n,a){e.Beacon.readyQueue.push({method:t,options:n,data:a})},n.readyQueue=[],"complete"===t.readyState)return a();e.attachEvent?e.attachEvent("onload",a):e.addEventListener("load",a,!1)}(window,document,window.Beacon||function(){});</script><script>window.Beacon('init', '982f3f0c\u002D8858\u002D4b8f\u002D84d6\u002Ded6d84161c71')</script>

            
            

        

        <script>
            $(document).on('click', '[data-action=toggle-faq-search]', function() {
                window.Beacon('open');
            });
        </script>

    





    
    <script src="/static/cache/js/output.48a7567ee653.js"></script>

    
    <script src="/static/cache/js/output.9206a5d75fc9.js"></script>

    

<script src="https://browser.sentry-cdn.com/5.15.4/bundle.min.js" integrity="sha384-Nrg+xiw+qRl3grVrxJtWazjeZmUwoSt0FAVsbthlJ5OMpx0G08bqIq3b/v0hPjhB" crossorigin="anonymous"></script>
    <script>
        Sentry.init({
            dsn: 'https://b650d5e78dfe428d9d6ef6661a696ea9@sentry.io/2825575',
            environment: 'prod'
        });
    </script>



    <script>
        $(function() {

            
            window.pageController = new PageController();

            
            window.cartController = new CartController({
                el: $('#cart-sidebar'),
                cartToggleUrl: '/handlekurv/toggle/',
                checkoutProductsUrl: '/handlekurv/checkout-products/'
            });

            
            window.productList = new ProductListController({
                urlAddCartProducts: '/handlekurv/products/',
                urlAddListProducts: '/handlelister/ajax/0/products/',
                urlListProductLists: '/handlelister/ajax/list/',
                urlCreateProductList: '/handlelister/ajax/new/',
                urlViewProductList: '/handlelister/0/',
                urlPartialCart: '/handlekurv/partial/',
                urlPartialList: '/handlelister/ajax/0/partial/'
            });

            
            window.modalController = new ModalController();

            
            window.deliveryPreselector = new DeliveryPreselector({
                el: $('a[data-action=preselect-delivery]'),
                url: '/handlekurv/utlevering/checkout/modal/?modal'
            });

            
            window.searchController = new SearchController({
                inputEl: $('.navbar-form input'),
                searchUrl: '/sok/autofullfor/',
                boostUrl: '/sok/boost/'
            });

            
            

            
            

        });
    </script>

    
    <!--[if lt IE 9]>
        <script type="text/javascript" src="/static/libs/ie/html5shiv-3.7.3.min.ba846cb704db.js"></script>
        <script type="text/javascript" src="/static/libs/ie/respond-1.4.2.min.a2684e9b8fa5.js"></script>
    <![endif]-->
    <!--[if lte IE 9]>
        <script type="text/javascript" src="/static/libs/ie/jquery.placeholder.28d18b6bc5e8.js"></script>
        <script>
            $(function() {
                $('input, textarea').placeholder();
            });
        </script>
    <![endif]-->


</body>
</html>
